@article{Gender,
  author    = {C. B. Ng and
               Y. H. Tay and
               B.{-}M. Goi},
  title     = {Vision-based Human Gender Recognition: {A} Survey},
  journal   = {CoRR},
  volume    = {abs/1204.1611},
  year      = {2012}
}

@INPROCEEDINGS{Age,
author={H. Hu and C. Otto and A.K. Jain},
booktitle={Biometrics (ICB), 2013 International Conference on},
title={Age estimation from face images: Human vs. machine performance},
year={2013},
month={June},
pages={1-8}}

@INPROCEEDINGS{ChopraVerification,
author={S. Chopra and R. Hadsell and Y. LeCun},
booktitle={Computer Vision and Pattern Recognition, 2005. CVPR 2005. IEEE Computer Society Conference on},
title={Learning a similarity metric discriminatively, with application to face verification},
year={2005},
month={June},
pages={539-546}}

@INPROCEEDINGS{Kumar09attributeand,
    author = {N. Kumar and A. Berg and P. Belhumeur and S. Nayar},
    title = {Attribute and Simile Classifiers for Face Verification},
    booktitle = {In IEEE International Conference on Computer Vision (ICCV},
    year = {2009},
    pages={1-8}
}

@INPROCEEDINGS{DeepFace,
author={Y. Taigman and M. Yang and M. Ranzato and L. Wolf},
booktitle={Computer Vision and Pattern Recognition (CVPR), 2014 IEEE Conference on},
title={DeepFace: Closing the Gap to Human-Level Performance in Face Verification},
year={2014},
month={June},
pages={1701-1708}}


%%%%%%%%%%%%%%%%%%%%%%%%%%%%%%%%%%%%%%%%%%%%%%%%%%%%

@book{SpectralChung,    
author = {F. Chung},
    publisher = {American Mathematical Society},
    title = {{Spectral Graph Theory (CBMS Regional Conference Series in Mathematics, No. 92)}},
    year = {1996}
}

@Book{Grady10,
  Title = {Discrete Calculus, Applied Analysis on Graphs for Computational Science},
   Author = {L. Grady and J. Polimeni},
  Publisher = {Springer},
  Year = {2010}
}

@article{ASP,
  author    = {M. Puschel and
               J. Moura},
  title     = {Algebraic Signal Processing Theory},
  journal   = {CoRR},
  volume    = {abs/cs/0612077},
  year      = {2006},
  
}


@book{Press:2007,
 author = {W. Press and S. Teukolsky and W. Vetterling and B. Flannery},
 title = {Numerical Recipes 3rd Edition: The Art of Scientific Computing},
 year = {2007},
 edition = {3},
 publisher = {Cambridge University Press},
 address = {New York, NY, USA}
} 

%%%

@book{Jackson:2008,
 author = {M. Jackson},
 title = {Social and Economic Networks},
 year = {2008},
 publisher = {Princeton University Press}} 

@book{David:2010,
 author = {D. Easley and J. Kleinberg},
 title = {Networks, Crowds, and Markets: Reasoning About a Highly Connected World},
 year = {2010},
  publisher = {Cambridge University Press}} 


  
  %% spectral
  @article{Luxburg,
 author = {U. Luxburg},
 title = {A Tutorial on Spectral Clustering},
 journal = {Statistics and Computing},
 issue_date = {December  2007},
 volume = {17},
 number = {4},
  year = {2007},
  pages = {395--416}
} 
  
  
  @article{zhang2008multiway,
    author = {Z. Zhang and M. Jordan},
    journal = {Statistical Science},
    number = {3},
    pages = {383--403},
     title = {{Multiway Spectral Clustering: A Margin-Based Perspective}},
    volume = {23},
    year = {2008}
}


@article{PhysRevE,
  title = {Finding community structure in networks using the eigenvectors of matrices},
  author = {M. Newman},
  journal = {Physics Review E},
  volume = {74},
  issue = {3},
  pages = {036104},
   year = {2006},
  month = {Sep}
}

%
@ARTICLE{Tremblay2014,
author={N. Tremblay and P. Borgnat},
journal={Signal Processing, IEEE Transactions on},
title={Graph Wavelets for Multiscale Community Mining},
year={2014},
month={Oct},
volume={62},
number={20},
pages={5227-5239}}


%% semisuper

@phdthesis{Zhu2005,
 author = {X. Zhu},
 title = {Semi-supervised Learning with Graphs},
 year = {2005},
  publisher = {Carnegie Mellon University},
 address = {Pittsburgh, PA, USA}
} 

@incollection{Smola2003,
    author = {A. Smola and R. Kondor},
    pages = {144--158},
     publisher = {Springer Berlin / Heidelberg},
    series = {Lecture Notes in Computer Science},
    title = {Kernels and Regularization on Graphs Learning Theory and Kernel Machines},
    volume = {2777},
    year = {2003}
}

@INPROCEEDINGS{Zhou04,
    author = {D. Zhou and B. Schšlkopf},
    title = {A regularization framework for learning from graph data},
    booktitle = {ICML Workshop on Statistical Relational Learning},
    year = {2004},
    pages = {132--137}
}

%

@inproceedings{shuman2011semi,
  title={Semi-supervised learning with spectral graph wavelets},
  author={D. Shuman and M. Faraji and P. Vandergheynst},
  booktitle={Proceedings of the International Conference on Sampling Theory and Applications (SampTA)},
  number={EPFL-CONF-164765},
  year={2011}
}

@inproceedings{narang2013localized,
  title={Localized iterative methods for interpolation in graph structured data},
  author={S. Narang and A. Gadde and E. Sanou and A. Ortega},
  booktitle={Global Conference on Signal and Information Processing (GlobalSIP), 2013 IEEE},
  pages={491--494},
  year={2013}
}

@INPROCEEDINGS{Ekambaram,
author={V. Ekambaram and G. Fanti and B. Ayazifar and K. Ramchandran},
booktitle={Global Conference on Signal and Information Processing (GlobalSIP), 2013 IEEE},
title={Wavelet-regularized graph semi-supervised learning},
year={2013},
pages={423-426}}

@inproceedings{sandryhaila2013classification,
  title={Classification via regularization on graphs},
  author={A. Sandryhaila and J. Moura},
  booktitle={GlobalSIP},
  pages={495--498},
  year={2013}
}

@ARTICLE{ChenTSP2014,
author={S. Chen and F. Cerda and P. Rizzo and J. Bielak and J. Garrett and J. Kovacevic},
journal={Signal Processing, IEEE Transactions on},
title={Semi-Supervised Multiresolution Classification Using Adaptive Graph Filtering With Application to Indirect Bridge Structural Health Monitoring},
year={2014},
month={June},
volume={62},
number={11},
pages={2879-2893}}


%%  

@ARTICLE{MouraSurvey,
author={A. Sandryhaila, A. and J. Moura},
journal={Signal Processing, IEEE Transactions on},
title={Discrete Signal Processing on Graphs},
year={2013},
month={April},
volume={61},
number={7},
pages={1644-1656}
}

@ARTICLE{ShumanSurvey,
author={D. Shuman and S. Narang and P. Frossard and A. Ortega and P. Vandergheynst},
journal={Signal Processing Magazine, IEEE},
title={The emerging field of signal processing on graphs: Extending high-dimensional data analysis to networks and other irregular domains},
year={2013},
month={May},
volume={30},
number={3},
pages={83-98}}


%% Fourier

@article{hammond,
  TITLE = {{Wavelets on graphs via spectral graph theory}},
  AUTHOR = {D. Hammond and P. Vandergheynst and R. Gribonval},
   JOURNAL = {{Applied and Computational Harmonic Analysis}},
  VOLUME = {30},
  NUMBER = {2},
  PAGES = {129--150},
  YEAR = {2011}
  }


@ARTICLE{Agaskar,
author={A. Agaskar and Y. Lu},
journal={Information Theory, IEEE Transactions on},
title={A Spectral Graph Uncertainty Principle},
year={2013},
month={July},
volume={59},
number={7},
pages={4338-4356}}

  
@inproceedings{Rabbat,
author = {M. Rabbat},
title = {On the interplay between topology and signals supported on graphs},
journal = {Proc. SPIE},
volume = {8858},
pages = {88581K-88581K-10},
year = {2013}
}

@ARTICLE{shuman_ACHA_2013,
  author    = {D. Shuman and B. Ricaud and P. Vandergheynst},
  title     = {Vertex-Frequency Analysis on Graphs},
  journal  = {submitted to Applied and Computational Harmonic Analysis},
  month  = {July},
  year  = {2013}
}

%% wavelet

@inproceedings{CK03,
    author = {M. Crovella and E. Kolaczyk},
    booktitle = {Twenty-Second Annual Joint Conference of the IEEE Computer and Communications Societies},
      title = {Graph wavelets for spatial traffic analysis},
     year = {2003}
}

@inproceedings{GavishNC10,
  author    = {M. Gavish and B. Nadler and R. Coifman},
  title     = {Multiscale Wavelets on Trees, Graphs and High Dimensional Data: Theory and Applications to Semi Supervised Learning},
  booktitle = {Proceedings of the 27th International Conference on Machine Learning},
  pages     = {367--374},
  year      = {2010}
}

@article{narang2009lifting,
  title={Lifting based wavelet transforms on graphs},
  author={S. Narang and A. Ortega},
  journal={Proceedings: APSIPA ASC 2009: Asia-Pacific Signal and Information Processing Association, 2009 Annual Summit and Conference},
  pages={441--444},
  year={2009}}
  
 @ARTICLE{RamEladCohen,
author={I. Ram and M. Elad and I. Cohen},
journal={Signal Processing Letters, IEEE},
title={Redundant Wavelets on Graphs and High Dimensional Data Clouds},
year={2012},
month={May},
volume={19},
number={5},
pages={291-294}}


@incollection{NIPS2013_5046,
title = {Wavelets on Graphs via Deep Learning},
author = {R. Rustamov and L. Guibas},
booktitle = {Advances in Neural Information Processing Systems 26},
pages = {998--1006},
year = {2013}
}

@ARTICLE{Leonardi,
author={N. Leonardi and D. Van De Ville},
journal={Signal Processing, IEEE Transactions on},
title={Tight Wavelet Frames on Multislice Graphs},
year={2013},
month={July},
volume={61},
number={13},
pages={3357-3367}}


@article{ShumanFV13,
  author    = {D. Shuman and M. Faraji and P. Vandergheynst},
  title     = {A Framework for Multiscale Transforms on Graphs},
  journal   = {CoRR},
  volume    = {abs/1308.4942},
  year      = {2013}
}

%% dictionary

@article{ThanouSF14,
  author    = {D. Thanou and D. Shuman and P. Frossard},
  title     = {Learning parametric dictionaries for graph signals},
  journal   = {CoRR},
  volume    = {abs/1401.0887},
  year      = {2014}
}

@INPROCEEDINGS{ZhangDF12,
author={X. Zhang and X. Dong and P. Frossard},
booktitle={Acoustics, Speech and Signal Processing (ICASSP), 2012 IEEE International Conference on},
title={Learning of structured graph dictionaries},
year={2012},
month={March},
pages={3373-3376}}


%%% filter design %%% consider hammond2011

@INPROCEEDINGS{SandryhailaFilter,
author={A. Sandryhaila and J. Moura},
booktitle={Acoustics, Speech and Signal Processing (ICASSP), 2013 IEEE International Conference on},
title={Discrete signal processing on graphs: Graph filters},
year={2013},
month={May},
pages={6163-6166}}


%%%% diffusion

@article{Coifman24052005,
author = {R. Coifman and S. Lafon and A. Lee and M. Maggioni and B. Nadler and F. Warner and S. Zucker}, 
title = {Geometric diffusions as a tool for harmonic analysis and structure definition of data: Diffusion maps},
volume = {102}, 
number = {21}, 
pages = {7426-7431}, 
year = {2005},
journal = {Proceedings of the National Academy of Sciences of the United States of America} 
}

@article{Zhangdiffusion,
title = {Graph spectral image smoothing using the heat kernel},
journal = {Pattern Recognition},
volume = {41},
number = {11},
pages = {3328 - 3342},
year = {2008},
author = {F. Zhang and E. Hancock}
}

@ARTICLE{Black_diffusion,
author={M. Black and G. Sapiro and D. Marimont and D. Heeger},
journal={Image Processing, IEEE Transactions on},
title={Robust anisotropic diffusion},
year={1998},
month={Mar},
volume={7},
number={3},
pages={421-432}}

@ARTICLE{Perona_diffusion,
author={P. Perona and J. Malik},
journal={Pattern Analysis and Machine Intelligence, IEEE Transactions on},
title={Scale-space and edge detection using anisotropic diffusion},
year={1990},
month={Jul},
volume={12},
number={7},
pages={629-639}}

@ARTICLE{Bouman_diffusion,
author={C. Bouman and K. Sauer},
journal={Image Processing, IEEE Transactions on},
title={A generalized Gaussian image model for edge-preserving MAP estimation},
year={1993},
month={Jul},
volume={2},
number={3},
pages={296-310}}

@ARTICLE{Geman_diffusion,
author={D. Geman and G. Reynolds},
journal={Pattern Analysis and Machine Intelligence, IEEE Transactions on},
title={Constrained restoration and the recovery of discontinuities},
year={1992},
month={Mar},
volume={14},
number={3},
pages={367-383}}

%%% coarsening

@ARTICLE{LafonPAMI,
author={S.  Lafon and A. Lee},
journal={Pattern Analysis and Machine Intelligence, IEEE Transactions on},
title={Diffusion maps and coarse-graining: a unified framework for dimensionality reduction, graph partitioning, and data set parameterization},
year={2006},
month={Sept},
volume={28},
number={9},
pages={1393-1403}}

@article{RonCoarsening,
author = {D. Ron and I. Safro and A.  Brandt},
title = {Relaxation-Based Coarsening and Multiscale Graph Organization},
journal = {Multiscale Modeling \& Simulation},
volume = {9},
number = {1},
pages = {407-423},
year = {2011}
}


%%%%
@INPROCEEDINGS{ZoranSparsepatch,
author={D. Zoran and Y. Weiss},
booktitle={Computer Vision (ICCV), 2011 IEEE International Conference on},
title={From learning models of natural image patches to whole image restoration},
year={2011},
month={Nov},
pages={479-486}}


@ARTICLE{EladPatchDictionary,
author={M. Elad and M. Aharon},
journal={Image Processing, IEEE Transactions on},
title={Image Denoising Via Sparse and Redundant Representations Over Learned Dictionaries},
year={2006},
month={Dec},
volume={15},
number={12},
pages={3736-3745}
}


%%%%

@article{MillerWordNet,
 author = {G. Miller},
 title = {WordNet: A Lexical Database for English},
 journal = {Commun. ACM},
 issue_date = {Nov. 1995},
 volume = {38},
 number = {11},
 month = nov,
 year = {1995},
 issn = {0001-0782},
 pages = {39--41},
 numpages = {3}}
} 

@article{TouschSHI,
 author = {A.-M. Tousch and S. Herbin and J.-V. Audibert},
 title = {Semantic Hierarchies for Image Annotation: A Survey},
 journal = {Pattern Recognition},
 issue_date = {January, 2012},
 volume = {45},
 number = {1},
 month = jan,
 year = {2012},
 pages = {333--345},
 numpages = {13}
 }

@article{ChakrabartiXGZ14,
  author    = {A. Chakrabarti and
               Y. Xiong and
               S. Gortler and
               T. Zickler},
  title     = {Low-level Vision by Consensus in a Spatial Hierarchy of Regions},
  journal   = {CoRR},
  volume    = {abs/1411.4894},
  year      = {2014}}