%% This BibTeX bibliography file was created using BibDesk.
%% http://bibdesk.sourceforge.net/


%% Created for Todd Zickler at 2014-01-12 11:28:20 -0500 


%% Saved with string encoding Unicode (UTF-8) 



@inproceedings{hanalbum2013album,
	Author = {Han, Zhongkai and Masood, Syed Zain and Hochreiter, Jason and Fonte, Spencer and Tappen, Marshall},
	Booktitle = {Proc.~IEEE International Conference on Automatic Face and Gesture Recognition (FG) },
	Date-Added = {2014-01-12 16:26:48 +0000},
	Date-Modified = {2014-01-12 16:28:20 +0000},
	Title = {Album-Oriented Face Recognition For Online Social Networks},
	Year = {2013}}

@book{erickson1982counselor,
	Author = {Erickson, Frederick and Shultz, Jeffrey},
	Date-Added = {2014-01-12 10:53:52 +0000},
	Date-Modified = {2014-01-12 10:53:52 +0000},
	Publisher = {Academic Press New York},
	Title = {The counselor as gatekeeper: Social interaction in interviews},
	Year = {1982}}

@article{mcdermott1978criteria,
	Author = {McDermott, Ray P and Gospodinoff, Kenneth and Aron, Jeffrey},
	Date-Added = {2014-01-12 10:48:56 +0000},
	Date-Modified = {2014-01-12 10:48:56 +0000},
	Journal = {Semiotica},
	Number = {3-4},
	Pages = {245--276},
	Title = {Criteria for an ethnographically adequate description of concerted activities and their contexts},
	Volume = {24},
	Year = {1978}}

@article{frey07affinitypropagation,
	Author = {Brendan J. Frey and Delbert Dueck},
	Journal = {Science},
	Pages = {972--976},
	Title = {Clustering by Passing Messages Between Data Points},
	Volume = {315},
	Year = {2007}}

@article{pictorial1973,
	Author = {Fischler, Martin A. and Elschlager, R.A.},
	Journal = {Computers, IEEE Transactions on},
	Number = {1},
	Pages = {67-92},
	Title = {The Representation and Matching of Pictorial Structures},
	Volume = {C-22},
	Year = {1973}}

@article{DPM2013,
	Author = {Pedro F. Felzenszwalb and Ross B. Girshick and David A. McAllester and Deva Ramanan},
	Journal = {Communications of ACM},
	Number = {9},
	Pages = {97-105},
	Title = {Visual object detection with deformable part models},
	Volume = {56},
	Year = {2013}}

@book{hall1974,
	Author = {Hall, E.},
	Publisher = {Society for the Anthropology of Visual Communication},
	Series = {Studies in the anthropology of visual communication},
	Title = {Handbook for proxemic research},
	Year = {1974}}

@inproceedings{groupdet2013,
	Author = {R. Li and P. Porfilio and T. Zickler},
	Booktitle = {IEEE Conference on Computer Vision and Pattern Recognition},
	Pages = {2722-2729},
	Title = {Finding Group Interactions in Social Clutter},
	Year = {2013}}

@incollection{CHIL,
	Author = {Waibel, A. and Stiefelhagen, R. and Carlson, R. and Casas, J. and Kleindienst, J. and Lamel, L. and Lanz, O. and Mostefa, D. and Omologo, M. and Pianesi, F. and Polymenakos, L. and Potamianos, G. and Soldatos, J. and Sutschet, G. and Terken, J.},
	Booktitle = {Handbook of Ambient Intelligence and Smart Environments},
	Pages = {1071-1116},
	Publisher = {Springer US},
	Title = {Computers in the Human Interaction Loop ({CHIL})},
	Year = {2010}}

@article{meetingrolerecognition,
	Author = {H.Salamin and A. Vinciarelli},
	Journal = {IEEE Transactions on Multimedia},
	Number = {2},
	Pages = {338-345},
	Title = {Automatic Role Recognition in Multiparty Conversations: An Approach Based on Turn Organization, Prosody, and Conditional Random Fields},
	Volume = {14},
	Year = {2012}}

@book{CamNetRoy,
	Author = {A. Roy Chowdhury and B. Song},
	Publisher = {Morgan {\&} Claypool Publishers},
	Series = {Synthesis Lectures on Computer Vision},
	Title = {Camera Networks: The Acquisition and Analysis of Videos over Wide Areas},
	Year = {2012}}

@article{CamNetSclaroff,
	Author = {U. Erdem and S. Sclaroff},
	Journal = {ACM Transactions on Sensor Networks},
	Number = {2},
	Pages = {16},
	Title = {Event prediction in a hybrid camera network},
	Volume = {8},
	Year = {2012}}

@article{Patron-PerezMRZ12,
	Author = {A. Patron-Perez and M. Marszalek and I. Reid and A. Zisserman},
	Journal = {IEEE Transactions on Pattern Analysis and Machine Intelligence},
	Number = {12},
	Pages = {2441-2453},
	Title = {Structured Learning of Human Interactions in TV Shows},
	Volume = {34},
	Year = {2012}}

@inproceedings{Regh2013,
	Author = {Rehg, J. and Abowd, G. and Rozga, A. and Romero, M. and Clements, M. and Sclaroff, S. and Essa, I. and Ousley, O. and Y. Li and C. Kim and Rao, H. and Kim, J. and Presti, L. and J. Zhang and Lantsman, D. and Bidwell, J. and Z. Ye},
	Booktitle = {IEEE Conference on Computer Vision and Pattern Recognition},
	Pages = {3414-3421},
	Title = {Decoding Children's Social Behavior},
	Year = {2013}}

@inproceedings{PrabhakarR12,
	Author = {K. Prabhakar and J. Rehg},
	Booktitle = {European Conference on Computer Vision},
	Pages = {383-396},
	Title = {Categorizing Turn-Taking Interactions},
	Year = {2012}}

@inproceedings{FeiFeiRole2013,
	Author = {V. Ramanathan and B. Yao and L. Fei-Fei},
	Booktitle = {IEEE Conference on Computer Vision and Pattern Recognition},
	Pages = {2475-2482},
	Title = {Social Role Discovery in Human Events},
	Year = {2013}}

@inproceedings{LanSM12,
	Author = {T. Lan and L. Sigal and G. Mori},
	Booktitle = {IEEE Conference on Computer Vision and Pattern Recognition},
	Title = {Social Roles in Hierarchical Models for Human Activity Recognition},
	Year = {2012}}

@inproceedings{occupation2013,
	Author = {M. Shao and L. Li and Y. Fu},
	Booktitle = {IEEE International Conference on Computer Vision},
	Title = {What Do You Do? Occupation Recognition in a Photo via Social Context},
	Year = {2013}}

@article{ZiRaEnBe06,
	Author = {Zickler, T. and Ramamoorthi, R. and Enrique, S. and Belhumeur, P.},
	Date-Added = {2013-12-06 17:48:18 +0000},
	Date-Modified = {2013-12-06 17:48:18 +0000},
	Journal = pami,
	Number = 8,
	Pages = {1287--1302},
	Title = {Reflectance Sharing: Predicting Appearance from a Sparse Set of Images of a Known Shape},
	Volume = 28,
	Year = 2006}

@inproceedings{Zi06,
	Author = {Zickler, T.},
	Booktitle = cvpr,
	Date-Added = {2013-12-06 17:48:18 +0000},
	Date-Modified = {2013-12-06 17:48:18 +0000},
	Pages = {1801--1808},
	Title = {Reciprocal Image Features for Uncalibrated {H}elmholtz Stereopsis},
	Volume = 2,
	Year = 2006}

@inproceedings{ZiMaKrBe06,
	Author = {T. Zickler and S. P. Mallick and D. J. Kriegman and P. N. Belhumeur},
	Booktitle = cvpr,
	Date-Added = {2013-12-06 17:48:18 +0000},
	Date-Modified = {2013-12-06 17:48:18 +0000},
	Pages = {2000--2010},
	Title = {Color Subspaces as Photometric Invariants},
	Volume = 2,
	Year = 2006}

@inproceedings{MaZiKrBe06,
	Author = {S. P. Mallick and T. Zickler and D. J. Kriegman and P. N. Belhumeur},
	Booktitle = eccv,
	Date-Added = {2013-12-06 17:48:18 +0000},
	Date-Modified = {2013-12-06 17:48:18 +0000},
	Pages = {550--563},
	Title = {Specularity Removal in Images and Videos: A {PDE} Approach},
	Volume = 1,
	Year = 2006}

@article{NoZiHo06,
	Author = {Novotny, P. M. and Zickler, T. and Howe, R. D.},
	Date-Added = {2013-12-06 17:48:18 +0000},
	Date-Modified = {2013-12-06 17:48:18 +0000},
	Note = {Submitted to \emph{IEEE Trans. Medical Imaging}.},
	Title = {Radon Transform Based Instrument Shaft Detection in Three-Dimensional Ultrasound}}

@inproceedings{MaZiKrBe05,
	Author = {S. P. Mallick and T. Zickler and D. J. Kriegman and P. N. Belhumeur},
	Booktitle = cvpr,
	Date-Added = {2013-12-06 17:48:18 +0000},
	Date-Modified = {2013-12-06 17:48:18 +0000},
	Pages = {619--626},
	Title = {Beyond {L}ambert: Reconstructing specular surfaces using color},
	Volume = 2,
	Year = 2005}

@inproceedings{ZiEnRaBe05,
	Author = {Zickler, T. and Enrique, S. and Ramamoorthi, R. and Belhumeur, P.},
	Booktitle = {Rendering Techniques 2005 (Proc. Eurographics Symposium on Rendering)},
	Date-Added = {2013-12-06 17:48:18 +0000},
	Date-Modified = {2013-12-06 17:48:18 +0000},
	Title = {Reflectance Sharing: Image-based Rendering from a Sparse Set of Images},
	Year = 2005}

@inproceedings{ZiBeKr03,
	Author = {Zickler, T. and Belhumeur, P.N. and Kriegman, D.J.},
	Booktitle = cvpr,
	Date-Added = {2013-12-06 17:48:18 +0000},
	Date-Modified = {2013-12-06 17:48:18 +0000},
	Pages = {548--555},
	Title = {Toward a Stratification of {H}elmholtz Stereopsis},
	Volume = 1,
	Year = {2003}}

@inproceedings{ZiHoKrPoBe03,
	Author = {Zickler, T. and Ho, J. and Kriegman, D.J. and Ponce, J. and Belhumeur P.N.},
	Booktitle = iccv,
	Date-Added = {2013-12-06 17:48:18 +0000},
	Date-Modified = {2013-12-06 17:48:18 +0000},
	Pages = {1411--1417},
	Title = {Binocular {H}elmholtz Stereopsis},
	Year = 2003}

@inproceedings{ZiBeKr02a,
	Author = {Zickler, T. and Belhumeur, P.N. and Kriegman, D.J.},
	Booktitle = eccv,
	Date-Added = {2013-12-06 17:48:18 +0000},
	Date-Modified = {2013-12-06 17:48:18 +0000},
	Pages = {III: 869--884},
	Title = {Helmholtz Stereopsis: Exploiting Reciprocity for Surface Reconstruction},
	Year = {2002}}

@article{ZiBeKr02b,
	Author = {Zickler, T. and Belhumeur, P.N. and Kriegman, D.J.},
	Date-Added = {2013-12-06 17:48:18 +0000},
	Date-Modified = {2013-12-06 17:48:18 +0000},
	Journal = ijcv,
	Number = {2/3},
	Pages = {215--227},
	Title = {{H}elmholtz Stereopsis: Exploiting Reciprocity for Surface Reconstruction},
	Volume = 49,
	Year = 2002}

@inproceedings{MaKrZiBe01,
	Author = {Magda, S. and Kriegman, D.J. and Zickler, T. and Belhumeur, P.N.},
	Booktitle = iccv,
	Date-Added = {2013-12-06 17:48:18 +0000},
	Date-Modified = {2013-12-06 17:48:18 +0000},
	Pages = {II: 391--398},
	Title = {Beyond {L}ambert: Reconstructing Surfaces with Arbitrary {BRDF}s},
	Year = {2001}}

@inproceedings{lamperteccv2008,
	Author = {Blaschko, M. B. and C. H. Lampert},
	Booktitle = {10th European Conference on Computer Vision},
	Date-Added = {2013-12-06 17:48:15 +0000},
	Date-Modified = {2013-12-06 17:48:15 +0000},
	Journal = {Computer Vision: ECCV 2008},
	Location = {Marseille, France},
	Month = {10},
	Note = {Best Student Paper Award},
	Pages = {2-15},
	Publisher = {Springer},
	Title = {Learning to Localize Objects with Structured Output Regression},
	Url = {http://eccv2008.inrialpes.fr/},
	Year = {2008},
	Bdsk-Url-1 = {http://eccv2008.inrialpes.fr/}}

@article{bosch2008ijcv,
	Author = {A. Bosch and A. Zisserman and X. Mu{\`O}oz},
	Date-Added = {2013-12-06 17:48:15 +0000},
	Date-Modified = {2013-12-06 17:48:15 +0000},
	Journal = {Int. J. of Computer Vision, to appear.},
	Title = {Image Classification Using ROIs and Multiple Kernel Learning.}}

@article{Kapoor2007,
	Author = {A. Kapoor and K. Grauman and R. Urtasun and T. Darrell},
	Date-Added = {2013-12-06 17:48:15 +0000},
	Date-Modified = {2013-12-06 17:48:15 +0000},
	Journal = {Proc~IEEE International Conference on Computer Vision (ICCV)},
	Title = {Active Learning with Gaussian Processes for Object Categorization.},
	Year = {2007}}

@article{grauman2007cvpr,
	Author = {K. Grauman and T. Darrell.},
	Date-Added = {2013-12-06 17:48:15 +0000},
	Date-Modified = {2013-12-06 17:48:15 +0000},
	Journal = {Proc.~IEEE Conference on Computer Vision and Pattern Recognition (CVPR)},
	Title = {Pyramid Match Hashing: Sub-Linear Time Indexing Over Partial Correspondences.},
	Year = {2007}}

@article{grauman2007jmlr,
	Author = {K. Grauman and T. Darrell},
	Date-Added = {2013-12-06 17:48:15 +0000},
	Date-Modified = {2013-12-06 17:48:15 +0000},
	Journal = {Journal of Machine Learning Research (JMLR)},
	Pages = {725--760},
	Title = {The Pyramid Match Kernel: Efficient Learning with Sets of Features.},
	Volume = {8},
	Year = {2007}}

@article{Quattoni2008,
	Author = {A. Quattoni and M. Collins and T. Darrell},
	Date-Added = {2013-12-06 17:48:15 +0000},
	Date-Modified = {2013-12-06 17:48:15 +0000},
	Journal = {Proc.~IEEE Conference on Computer Vision and Pattern Recognition (CVPR)},
	Title = {Transfer Learning for Image Classification with Sparse Prototype Representations},
	Year = {2008}}

@article{Yeh2008,
	Author = {Tom Yeh and Trevor Darrell},
	Date-Added = {2013-12-06 17:48:15 +0000},
	Date-Modified = {2013-12-06 17:48:15 +0000},
	Journal = {Proc.~IEEE Conference on Computer Vision and Pattern Recognition (CVPR)},
	Title = {Dynamic Visual Category Learning},
	Year = {2008}}

@techreport{Zoubin2003,
	Author = {Xiaojin Zhu and John Lafferty and Zoubin Ghahramani},
	Date-Added = {2013-12-06 17:48:15 +0000},
	Date-Modified = {2013-12-06 17:48:15 +0000},
	Institution = {Carnegie Mellon University},
	Number = {CMU-CS-03-175},
	Title = {Semi-supervised learning: From Gaussian fields to gaussian processes.},
	Year = {2003}}

@article{Kapoor2005,
	Author = {Ashish Kapoor and Yuan (Alan) Qi and Hyungil Ahn and Rosalind W. Picard},
	Date-Added = {2013-12-06 17:48:15 +0000},
	Date-Modified = {2013-12-06 17:48:15 +0000},
	Journal = {Neural Information Processing System (NIPS)},
	Title = {Hyperparameter and Kernel Learning for Graph Based Semi-Supervised Classification},
	Year = {2005}}

@article{Urtasun08,
	Author = {R. Urtasun and T. Darrell},
	Date-Added = {2013-12-06 17:48:15 +0000},
	Date-Modified = {2013-12-06 17:48:15 +0000},
	Journal = {Proc.~IEEE Conference on Computer Vision and Pattern Recognition (CVPR)},
	Title = {Local Probabilistic Regression for Activity-Independent Human Pose Inference},
	Year = {2008}}

@article{ViolaJones,
	Author = {P. Viola and M. Jones},
	Date-Added = {2013-12-06 17:48:11 +0000},
	Date-Modified = {2013-12-06 17:48:11 +0000},
	Journal = {International Journal of Computer Vision},
	Pages = {137-154},
	Title = {Robust Real-time Object Detection},
	Volume = {57},
	Year = {2004}}

@article{Zhang:detect,
	Author = {C. Zhang and Z. Zhang},
	Date-Added = {2013-12-06 17:48:11 +0000},
	Date-Modified = {2013-12-06 17:48:11 +0000},
	Journal = {Technical Report MSR-TR-2010-66},
	Title = {A Survey of Recent Advances in Face Detection},
	Year = {2010}}

@article{Comaniciu:track,
	Author = {D. Comaniciu and V. Ramesh and P. Meer},
	Date-Added = {2013-12-06 17:48:11 +0000},
	Date-Modified = {2013-12-06 17:48:11 +0000},
	Journal = {IEEE Transactions on Pattern Analysis Machine Intelligence},
	Pages = {564-575},
	Title = {Kernel-Based Object Tracking},
	Volume = {25},
	Year = {2003}}

@article{Chellappa:face,
	Author = {R. Chellappa and P. Sinha and J. Phillips},
	Date-Added = {2013-12-06 17:48:11 +0000},
	Date-Modified = {2013-12-06 17:48:11 +0000},
	Journal = {IEEE Computer Magazine},
	Pages = {46-55},
	Title = {Face Recognition by Computers and Humans},
	Volume = {43},
	Year = {2010}}

@article{Matthews:AAM,
	Author = {I. Matthews and J. Xiao and S. Baker},
	Date-Added = {2013-12-06 17:48:11 +0000},
	Date-Modified = {2013-12-06 17:48:11 +0000},
	Journal = {International Journal of Computer Vision},
	Pages = {93-113},
	Title = {2D vs. 3D deformable face models: Representational power, construction, and real-time fitting},
	Volume = {75},
	Year = {2007}}

@inproceedings{Lucey:AAM,
	Author = {S. Lucey and I. Matthews and C. Hu and Z. Ambadar and F. De la Torre and J. Cohn},
	Booktitle = {Automatic Face and Gesture Recognition},
	Date-Added = {2013-12-06 17:48:11 +0000},
	Date-Modified = {2013-12-06 17:48:11 +0000},
	Pages = {155-160},
	Title = {AAM derived face representations for robust facial action recognition},
	Year = {2006}}

@article{Mumford:face,
	Author = {D. Mumford and A. Desolneux},
	Date-Added = {2013-12-06 17:48:11 +0000},
	Date-Modified = {2013-12-06 17:48:11 +0000},
	Journal = {Pattern Theory: The Stochastic Analysis of Real-World Signals},
	Pages = {249-316},
	Title = {Faces and Flexible Templates},
	Year = {2010}}

@inproceedings{PintoZickler2011,
	Author = {N. Pinto and Z. Stone and T. Zickler and D. Cox},
	Booktitle = {Workshop on Biologically Consistent Vision},
	Date-Added = {2013-12-06 17:48:11 +0000},
	Date-Modified = {2013-12-06 17:48:11 +0000},
	Pages = {35-42},
	Title = {Scaling up biologically-inspired computer vision: A case study in unconstrained face recognition on facebook},
	Year = {2011}}

@inproceedings{Everingham06a,
	Author = {Everingham, M. and Sivic, J. and Zisserman, A.},
	Booktitle = {British Machine Vision Conference},
	Date-Added = {2013-12-06 17:48:11 +0000},
	Date-Modified = {2013-12-06 17:48:11 +0000},
	Pages = {1-10},
	Title = {Hello! My name is... Buffy -- Automatic Naming of Characters in TV Video},
	Year = {2006}}

@techreport{huang:lfw,
	Author = {Huang, G.B. and Ramesh, M. and Berg, T. and Learned-Miller, E.},
	Date-Added = {2013-12-06 17:48:11 +0000},
	Date-Modified = {2013-12-06 17:48:11 +0000},
	Institution = {TR07-49, University of Massachusetts, Amherst},
	Title = {Labeled Faces in the Wild: A Database for Studying Face Recognition in Unconstrained Environments},
	Year = {2007}}

@conference{nowak2007lvs,
	Author = {Nowak, E. and Jurie, F.},
	Booktitle = {IEEE Conference on Computer Vision and Pattern Recognition},
	Date-Added = {2013-12-06 17:48:11 +0000},
	Date-Modified = {2013-12-06 17:48:11 +0000},
	Pages = {1-8},
	Title = {Learning visual similarity measures for comparing never seen objects},
	Year = {2007}}

@inproceedings{LNCS53050340,
	Author = {N. Kumar and P. Belhumeur and S. Nayar},
	Booktitle = {European Conference on Computer Vision},
	Date-Added = {2013-12-06 17:48:11 +0000},
	Date-Modified = {2013-12-06 17:48:11 +0000},
	Pages = {340-353},
	Title = {FaceTracer: A Search Engine for Large Collections of Images with Faces},
	Volume = {4},
	Year = {2008}}

@inproceedings{Pinto2009,
	Author = {N. Pinto and J. DiCarlo and D. Cox},
	Booktitle = {IEEE Conference on Computer Vision and Pattern Recognition},
	Date-Added = {2013-12-06 17:48:11 +0000},
	Date-Modified = {2013-12-06 17:48:11 +0000},
	Pages = {2591-2598},
	Title = {How far can you get with a modern face recognition test set using only simple features?},
	Year = {2009}}

@article{Yacoob:expression,
	Author = {Y. Yacoob and L. Davis},
	Date-Added = {2013-12-06 17:48:11 +0000},
	Date-Modified = {2013-12-06 17:48:11 +0000},
	Journal = {IEEE Transactions on Pattern Analysis Machine Intelligence},
	Pages = {636-642},
	Title = {Recognizing human facial expressions from long image sequences using optical flow},
	Volume = {18},
	Year = {2002}}

@article{delaTorre:expression,
	Author = {F. De la Torre and J. Cohn},
	Date-Added = {2013-12-06 17:48:11 +0000},
	Date-Modified = {2013-12-06 17:48:11 +0000},
	Journal = {Guide to Visual Analysis of Humans: Looking at People},
	Pages = {377-410},
	Title = {Facial Expression Analysis},
	Year = {2011}}

@article{Essa:expression,
	Author = {I. Essa and A. Pentland},
	Date-Added = {2013-12-06 17:48:11 +0000},
	Date-Modified = {2013-12-06 17:48:11 +0000},
	Journal = {IEEE Transactions on Pattern Analysis Machine Intelligence},
	Pages = {757-763},
	Title = {Coding, analysis, interpretation, and recognition of facial expressions},
	Volume = {19},
	Year = {2002}}

@article{Hanson,
	Author = {D. Hanson and Q. Ji},
	Date-Added = {2013-12-06 17:48:11 +0000},
	Date-Modified = {2013-12-06 17:48:11 +0000},
	Journal = {IEEE Transactions on Pattern Analysis Machine Intelligence},
	Pages = {478-500},
	Title = {In the Eye of the Beholder: A Survey of Models for Eyes and Gaze},
	Volume = {32},
	Year = {2010}}

@article{Murphy-Chutorian:pose,
	Author = {E. Murphy-Chutorian and M. Trivedi},
	Date-Added = {2013-12-06 17:48:11 +0000},
	Date-Modified = {2013-12-06 17:48:11 +0000},
	Journal = {IEEE Transactions on Pattern Analysis Machine Intelligence},
	Pages = {607-626},
	Title = {Head Pose Estimation in Computer Vision: A Survey},
	Volume = {31},
	Year = {2009}}

@article{Mitra:gesture,
	Author = {S. Mitra and T. Acharya},
	Date-Added = {2013-12-06 17:48:11 +0000},
	Date-Modified = {2013-12-06 17:48:11 +0000},
	Journal = {IEEE Transactions on Systems, Man, and Cybernetics, Part C},
	Pages = {311-324},
	Title = {Gesture Recognition: A Survey},
	Volume = {37},
	Year = {2007}}

@article{Ryoo:action,
	Author = {J. Aggarwal and M. Ryoo},
	Date-Added = {2013-12-06 17:48:11 +0000},
	Date-Modified = {2013-12-06 17:48:11 +0000},
	Journal = {ACM Computing Surveys},
	Pages = {1 - 16},
	Title = {Human activity analysis: A review},
	Volume = {43},
	Year = {2011}}

@article{Poppe,
	Author = {R. Poppe},
	Date-Added = {2013-12-06 17:48:11 +0000},
	Date-Modified = {2013-12-06 17:48:11 +0000},
	Journal = {Image and Vision Computing},
	Pages = {976-990},
	Title = {A survey on vision-based human action recognition},
	Volume = {28},
	Year = {2010}}

@inproceedings{Dalal:HOG,
	Author = {N. Dalal and B. Triggs and C. Schmid},
	Booktitle = {European Conference on Computer Vision},
	Date-Added = {2013-12-06 17:48:11 +0000},
	Date-Modified = {2013-12-06 17:48:11 +0000},
	Pages = {428-441},
	Title = {Human detection using oriented histograms of flow and appearance},
	Volume = {2},
	Year = {2006}}

@inproceedings{Dollar:STIP,
	Author = {P. Dollar and V. Rabaud and G. Cottrell and S. Belongie},
	Booktitle = {IEEE International Workshop on Visual Surveillance and Performance Evaluation of Tracking and Surveillance},
	Date-Added = {2013-12-06 17:48:11 +0000},
	Date-Modified = {2013-12-06 17:48:11 +0000},
	Pages = {65-72},
	Title = {Behavior recognition via sparse spatiotemporal features},
	Year = {2005}}

@article{Laptev:STIP,
	Author = {I. Laptev},
	Date-Added = {2013-12-06 17:48:11 +0000},
	Date-Modified = {2013-12-06 17:48:11 +0000},
	Journal = {International Journal of Computer Vision},
	Pages = {107-123},
	Title = {On Space-Time Interest Points},
	Volume = {64},
	Year = {2005}}

@inproceedings{LaptevMSR08,
	Author = {I. Laptev and M. Marsza{\l}ek and C. Schmid and B. Rozenfeld},
	Booktitle = {IEEE Conference on Computer Vision \& Pattern Recognition},
	Title = {Learning Realistic Human Actions from Movies},
	Year = {2008}}

@article{Brox:flow,
	Author = {T. Brox and J. Malik},
	Date-Added = {2013-12-06 17:48:11 +0000},
	Date-Modified = {2013-12-06 17:48:11 +0000},
	Journal = {IEEE Transaction on Pattern Analysis and Machine Intelligence},
	Pages = {500-513},
	Title = {Large displacement optical flow: descriptor matching in variational motion estimation},
	Volume = {33},
	Year = {2011}}

@inproceedings{Niebles2007,
	Author = {J. Niebles and L. Fei-Fei},
	Booktitle = {IEEE Conference on Computer Vision and Pattern Recognition},
	Date-Added = {2013-12-06 17:48:11 +0000},
	Date-Modified = {2013-12-06 17:48:11 +0000},
	Pages = {1-8},
	Title = {A hierarchical model of shape and appearance for human action classification},
	Year = {2007}}

@article{Niebles2006,
	Author = {J. Niebles and H. Wang and L. Fei-Fei},
	Date-Added = {2013-12-06 17:48:11 +0000},
	Date-Modified = {2013-12-06 17:48:11 +0000},
	Journal = {International Journal of Computer Vision},
	Pages = {299-318},
	Title = {Unsupervised learning of human action categories using spatial-temporal words},
	Volume = {79},
	Year = {2008}}

@inproceedings{Li2010,
	Author = {R. Li and R. Chellappa},
	Booktitle = {IEEE Conference on Computer Vision and Pattern Recognition},
	Date-Added = {2013-12-06 17:48:11 +0000},
	Date-Modified = {2013-12-06 17:48:11 +0000},
	Pages = {2038-2045},
	Title = {Group motion segmentation using a Spatio-Temporal Driving Force Model},
	Year = {2010}}

@article{LiPAMI2012,
	Author = {R. Li and R. Chellappa},
	Date-Added = {2013-12-06 17:48:11 +0000},
	Date-Modified = {2013-12-06 17:48:11 +0000},
	Journal = {IEEE Transactions on Pattern Analysis Machine Intelligence},
	Number = {3},
	Pages = {697-715},
	Title = {Spatio-Temporal Alignment of Visual Signals on a Special Manifold},
	Volume = {35},
	Year = {2013}}

@inproceedings{LiZickler2012,
	Author = {R. Li and T. Zickler},
	Booktitle = {IEEE Conference on Computer Vision and Pattern Recognition},
	Date-Added = {2013-12-06 17:48:11 +0000},
	Date-Modified = {2013-12-06 17:48:11 +0000},
	Pages = {2855-2862},
	Title = {Discriminative Virtual Views for Cross-View Action Recognition},
	Year = {2012}}

@inproceedings{Li2011,
	Author = {R. Gopalan and R. Li and R. Chellappa},
	Booktitle = {IEEE International Conference on Computer Vision},
	Date-Added = {2013-12-06 17:48:11 +0000},
	Date-Modified = {2013-12-06 17:48:11 +0000},
	Pages = {999-1006},
	Title = {Domain adaptation for object recognition: An unsupervised approach},
	Year = {2011}}

@article{Ba:meeting,
	Author = {S. Ba and J. Odobez},
	Date-Added = {2013-12-06 17:48:11 +0000},
	Date-Modified = {2013-12-06 17:48:11 +0000},
	Journal = {IEEE Transaction on Pattern Analysis and Machine Intelligence},
	Pages = {101 - 116},
	Title = {Multiperson Visual Focus of Attention from Head Pose and Meeting Contextual Cues},
	Volume = {33},
	Year = {2011}}

@article{GaticaPerez,
	Author = {D. Gatica-Perez},
	Date-Added = {2013-12-06 17:48:11 +0000},
	Date-Modified = {2013-12-06 17:48:11 +0000},
	Journal = {Image and Vision Computing},
	Pages = {1775-1787},
	Title = {Automatic nonverbal analysis of social interaction in small groups: a review},
	Volume = {27},
	Year = {2009}}

@article{McCowan:meeting,
	Author = {I. McCowan and D. Gatica-Perez and G. Lathoud and M. Barnard and D. Zhang},
	Date-Added = {2013-12-06 17:48:11 +0000},
	Date-Modified = {2013-12-06 17:48:11 +0000},
	Journal = {IEEE Transactions on Pattern Analysis Machine Intelligence},
	Pages = {305-317},
	Title = {Automatic Analysis of Group Actions in Meetings},
	Volume = {27},
	Year = {2005}}

@article{Smith:track,
	Author = {K. Smith and S. Ba and D. Gatica-Perez and J. Odobez},
	Date-Added = {2013-12-06 17:48:11 +0000},
	Date-Modified = {2013-12-06 17:48:11 +0000},
	Journal = {IEEE Transactions on Pattern Analysis Machine Intelligence},
	Pages = {1212-1229},
	Title = {Tracking Attention for Multiple People: Wandering Visual Focus of Attention Estimation},
	Volume = {30},
	Year = {2008}}

@article{Zhang:meeting,
	Author = {D. Zhang and D. Gatica-Perez and S. Bengio and I. McCowan},
	Date-Added = {2013-12-06 17:48:11 +0000},
	Date-Modified = {2013-12-06 17:48:11 +0000},
	Journal = {IEEE Transactions on Multimedia},
	Pages = {509-520},
	Title = {Modeling Individual and Group Actions in Meetings with Layered HMMs},
	Volume = {8},
	Year = {2006}}

@inproceedings{Choi:recogtrack,
	Author = {W. Choi and S. Savarese.},
	Booktitle = {European Conference on Computer Vision},
	Date-Added = {2013-12-06 17:48:11 +0000},
	Date-Modified = {2013-12-06 17:48:11 +0000},
	Pages = {215-230},
	Title = {A Unified Framework for Multi-Target Tracking and Collective Activity Recognition},
	Volume = {4},
	Year = {2012}}

@inproceedings{Choi:context,
	Author = {W. Choi and K. Shahid and S. Savarese},
	Booktitle = {IEEE Conference on Computer Vision and Pattern Recognition},
	Date-Added = {2013-12-06 17:48:11 +0000},
	Date-Modified = {2013-12-06 17:48:11 +0000},
	Pages = {3273-3280},
	Title = {Learning Context for Collective Activity Recognition},
	Year = {2011}}

@inproceedings{Amer:group,
	Author = {M. Amer and S. Todorovic},
	Booktitle = {International Conference on Computer Vision},
	Date-Added = {2013-12-06 17:48:11 +0000},
	Date-Modified = {2013-12-06 17:48:11 +0000},
	Pages = {786-793},
	Title = {A Chains Model for Localizing Participants of Group Activities in Videos},
	Year = {2011}}

@article{Lan:Group,
	Author = {T. Lan and Y. Wang and W. Yang and S. Robinovitch and G. Mori},
	Date-Added = {2013-12-06 17:48:11 +0000},
	Date-Modified = {2013-12-06 17:48:11 +0000},
	Journal = {IEEE Transactions on Pattern Analysis Machine Intelligence},
	Pages = {1549 - 1562},
	Title = {Discriminative Latent Models for Recognizing Contextual Group Activities},
	Volume = {34},
	Year = {2012}}

@article{LiIJCV2012,
	Author = {R. Li and R. Chellappa and S. Zhou},
	Date-Added = {2013-12-06 17:48:11 +0000},
	Date-Modified = {2013-12-06 17:48:11 +0000},
	Journal = {International Journal of Computer Vision},
	Number = {2},
	Pages = {305-328},
	Title = {Recognizing Interactive Group Activities Using Temporal Interaction Matrices and Their Riemannian Statistics},
	Volume = {101},
	Year = {2013}}

@inproceedings{UTdata,
	Author = {M. Ryoo and J. Aggarwal},
	Booktitle = {ICPR contest on Semantic Description of Human Activities (SDHA)},
	Date-Added = {2013-12-06 17:48:11 +0000},
	Date-Modified = {2013-12-06 17:48:11 +0000},
	Title = {{UT}-Interaction Dataset},
	Year = {2010}}

@inproceedings{Torralba:scene,
	Author = {A. Torralba},
	Booktitle = {Proceedings of Neural Information Processing Systems},
	Date-Added = {2013-12-06 17:48:11 +0000},
	Date-Modified = {2013-12-06 17:48:11 +0000},
	Pages = {1-8},
	Title = {Understanding Visual Scenes},
	Year = {2009}}

@inproceedings{Yu2009,
	Author = {T. Yu and S. Lim and K. Patwardhan and N. Krahnstoever},
	Booktitle = {IEEE Conference on Computer Vision and Pattern Recognition},
	Date-Added = {2013-12-06 17:48:11 +0000},
	Date-Modified = {2013-12-06 17:48:11 +0000},
	Pages = {1462 - 1469},
	Title = {Monitoring, recognizing and discovering social networks},
	Year = {2009}}

@inproceedings{Ding2010,
	Author = {L. Ding and A. Yilmaz},
	Booktitle = {European Conference on Computer Vision},
	Date-Added = {2013-12-06 17:48:11 +0000},
	Date-Modified = {2013-12-06 17:48:11 +0000},
	Pages = {410-423},
	Title = {Learning Relations Among Movie Characters: A Social Network Perspective},
	Volume = {4},
	Year = {2010}}

@inproceedings{Ding2011,
	Author = {L. Ding and A. Yilmaz},
	Booktitle = {IEEE International Conference on Computer Vision},
	Date-Added = {2013-12-06 17:48:11 +0000},
	Date-Modified = {2013-12-06 17:48:11 +0000},
	Pages = {699 - 706},
	Title = {Inferring Social Relations from Visual Concepts},
	Year = {2011}}

@inproceedings{Gallagher,
	Author = {A. Gallagher and T. Chen},
	Booktitle = {IEEE Conference on Computer Vision and Pattern Recognition},
	Date-Added = {2013-12-06 17:48:11 +0000},
	Date-Modified = {2013-12-06 17:48:11 +0000},
	Pages = {256-263},
	Title = {Understanding Images of Groups of People},
	Year = {2009}}

@inproceedings{Wang2010,
	Author = {G. Wang and A. Gallagher and J. Luo and D. Forsyth},
	Booktitle = {European Conference on Computer Vision},
	Date-Added = {2013-12-06 17:48:11 +0000},
	Date-Modified = {2013-12-06 17:48:11 +0000},
	Pages = {169-182},
	Title = {Seeing People in Social Context: Recognizing People and Social Relationship},
	Volume = {5},
	Year = {2010}}

@inproceedings{Stone2008,
	Author = {Z. Stone and T. Zickler and T. Darrell},
	Booktitle = {Internet Vision Workshop},
	Date-Added = {2013-12-06 17:48:11 +0000},
	Date-Modified = {2013-12-06 17:48:11 +0000},
	Pages = {1-8},
	Title = {Autotagging Facebook: Social network context improves photo annotation},
	Year = {2008}}

@article{Stone2010,
	Author = {Z. Stone and T. Zickler and T. Darrell},
	Date-Added = {2013-12-06 17:48:11 +0000},
	Date-Modified = {2013-12-06 17:48:11 +0000},
	Journal = {Proceedings of the IEEE},
	Pages = {1408-1415},
	Title = {Toward Large-Scale Face Recognition Using Social Network Context},
	Volume = {98},
	Year = {2010}}

@inproceedings{Dikmen:classify,
	Author = {M Dikmen and T. Huang},
	Booktitle = {Workshop on Camera Networks and Wide-Area Scene Analysis},
	Date-Added = {2013-12-06 17:48:11 +0000},
	Date-Modified = {2013-12-06 17:48:11 +0000},
	Pages = {68-73},
	Title = {Leveraging social network information to recognize people},
	Year = {2011}}

@inproceedings{McAuley:socialclassify,
	Author = {J. McAuley and J. Leskovec},
	Booktitle = {European Conference on Computer Vision},
	Date-Added = {2013-12-06 17:48:11 +0000},
	Date-Modified = {2013-12-06 17:48:11 +0000},
	Pages = {828-841},
	Title = {Image Labeling on a Network: Using Social-Network Metadata for Image Classification},
	Volume = {4},
	Year = {2012}}

@article{Poppe2012,
	Author = {R. Poppe},
	Date-Added = {2013-12-06 17:48:11 +0000},
	Date-Modified = {2013-12-06 17:48:11 +0000},
	Journal = {Pattern Recognition},
	Pages = {2335-2347},
	Title = {Facing scalability:Naming faces in an online social network},
	Volume = {45},
	Year = {2012}}

@inproceedings{LeeBMVC2011,
	Author = {Y. Lee and K. Grauman},
	Booktitle = {British Machine Vision Conference},
	Date-Added = {2013-12-06 17:48:11 +0000},
	Date-Modified = {2013-12-06 17:48:11 +0000},
	Pages = {36.1--36.11},
	Title = {Face Discovery with Social Context},
	Year = {2011}}

@inproceedings{Murillo2012,
	Author = {A. Murilloy and I. Kwakz and L. Bourdevx and D. Kriegmanz and S. Belongie},
	Booktitle = {Workshop on Socially Intelligent Surveillance and Monitoring},
	Date-Added = {2013-12-06 17:48:11 +0000},
	Date-Modified = {2013-12-06 17:48:11 +0000},
	Pages = {28-35},
	Title = {Urban Tribes: Analyzing Group Photos from a Social Perspective},
	Year = {2012}}

@inproceedings{Zhang2011,
	Author = {J. Zhang and W. Hu and B. Yao and Y. Wang and S. Zhu},
	Booktitle = {International Workshop on Video Event Categorization, Tagging and Retrieval for Real-World Applications},
	Date-Added = {2013-12-06 17:48:11 +0000},
	Date-Modified = {2013-12-06 17:48:11 +0000},
	Pages = {1456-1463},
	Title = {Inferring Social Roles in Long Timespan Video Sequence},
	Year = {2011}}

@article{Pantic,
	Author = {M. Pantic and R. Cowie and F. D'Errico and D. Heylen and M. Mehu and C. Pelachaud and I. Poggi and M. Schroeder and A. Vinciarelli},
	Date-Added = {2013-12-06 17:48:11 +0000},
	Date-Modified = {2013-12-06 17:48:11 +0000},
	Journal = {Visual Analysis of Humans: Looking at People},
	Pages = {511-538},
	Title = {Social Signal Processing: The Research Agenda},
	Year = {2011}}

@article{zhang2003aah,
	Author = {Zhang, L. and Chen, L. and Li, M. and Zhang, H.},
	Date-Added = {2013-12-06 17:48:11 +0000},
	Date-Modified = {2013-12-06 17:48:11 +0000},
	Journal = {ACM Multimedia},
	Pages = {355--358},
	Title = {{Automated annotation of human faces in family albums}},
	Year = {2003}}

@article{song2006cah,
	Author = {Song, Y. and Leung, T.},
	Date-Added = {2013-12-06 17:48:11 +0000},
	Date-Modified = {2013-12-06 17:48:11 +0000},
	Journal = {European Conference on Computer Vision},
	Pages = {382-395},
	Title = {Context-Aided Human Recognition--Clustering},
	Volume = {3},
	Year = {2006}}

@article{sivic2006fpr,
	Author = {Sivic, J. and Zitnick, C. and Szeliski, R.},
	Date-Added = {2013-12-06 17:48:11 +0000},
	Date-Modified = {2013-12-06 17:48:11 +0000},
	Journal = {British Machine Vision Conference},
	Pages = {909-918},
	Title = {{Finding people in repeated shots of the same scene}},
	Year = {2006}}

@article{naaman2005lcr,
	Author = {Naaman, M. and Yeh, R. and Garcia-Molina, H. and Paepcke, A.},
	Date-Added = {2013-12-06 17:48:11 +0000},
	Date-Modified = {2013-12-06 17:48:11 +0000},
	Journal = {Proceedings of the 5th ACM/IEEE-CS Joint Conference on Digital Libraries},
	Pages = {178--187},
	Title = {{Leveraging context to resolve identity in photo albums}},
	Year = {2005}}

@article{zhao2006apa,
	Author = {Zhao, M. and Teo, Y. and Liu, S. and Chua, T. and Jain, R.},
	Date-Added = {2013-12-06 17:48:11 +0000},
	Date-Modified = {2013-12-06 17:48:11 +0000},
	Journal = {International Conference on Image and Video Retrieval},
	Pages = {163--172},
	Title = {{Automatic Person Annotation of Family Photo Album}},
	Year = {2006}}

@inproceedings{poselet,
	Author = {L. Bourdev and J. Malik},
	Booktitle = {International Conference on Computer Vision},
	Date-Added = {2013-12-06 17:48:11 +0000},
	Date-Modified = {2013-12-06 17:48:11 +0000},
	Pages = {1365-1372},
	Title = {Poselets: Body Part Detectors Trained Using 3D Human Pose Annotations},
	Year = {2009}}

@inproceedings{pose_part,
	Author = {Y. Yang and D. Ramanan},
	Booktitle = {IEEE Conference on Computer Vision and Pattern Recognition},
	Date-Added = {2013-12-06 17:48:11 +0000},
	Date-Modified = {2013-12-06 17:48:11 +0000},
	Pages = {1385-1392},
	Title = {Articulated Pose Estimation using Flexible Mixtures of Parts},
	Year = {2011}}

@inproceedings{scene,
	Author = {A. Torralba},
	Booktitle = {Neural Information Processing Systems},
	Date-Added = {2013-12-06 17:48:11 +0000},
	Date-Modified = {2013-12-06 17:48:11 +0000},
	Pages = {1-8},
	Title = {Understanding Visual Scenes},
	Year = {2009}}

@inproceedings{Weinberger:ML,
	Author = {K. Weinberger and J. Blitzer and L. Saul},
	Booktitle = {Neural Information Processing Systems},
	Date-Added = {2013-12-06 17:48:11 +0000},
	Date-Modified = {2013-12-06 17:48:11 +0000},
	Pages = {1-8},
	Title = {Distance Metric Learning for Large Margin Nearest Neighbor Classification},
	Year = {2005}}

@inproceedings{xiong2012pixels,
	Author = {Xiong, Y. and Saenko, K. and Darrell, T. and Zickler, T.},
	Booktitle = {IEEE Conference on Computer Vision and Pattern Recognition},
	Date-Added = {2013-12-06 17:48:11 +0000},
	Date-Modified = {2013-12-06 17:48:11 +0000},
	Pages = {358-365},
	Title = {From pixels to physics: Probabilistic color de-rendering},
	Year = {2012}}

@inproceedings{owens2011learning,
	Author = {Owens, T. and Saenko, K. and Chakrabarti, A. and Xiong, Y. and Zickler, T. and Darrell, T.},
	Booktitle = {IEEE Conference on Computer Vision and Pattern Recognition},
	Date-Added = {2013-12-06 17:48:11 +0000},
	Date-Modified = {2013-12-06 17:48:11 +0000},
	Pages = {169-176},
	Title = {Learning object color models from multi-view constraints},
	Year = {2011}}

@inproceedings{Cristani:fformation,
	Author = {M. Cristani and G. Paggetti and A. Fossati and L. Bazzani and D. Tosato and A. Del Bue and G. Menegaz and V. Murino},
	Booktitle = {British Machine Vision Conference},
	Date-Added = {2013-12-06 17:48:11 +0000},
	Date-Modified = {2013-12-06 17:48:11 +0000},
	Pages = {23.1--23.12},
	Title = {Social interaction discovery by statistical analysis of F-formations},
	Year = {2011}}

@inproceedings{YangBKR12,
	Author = {Y. Yang and S. Baker and A. Kannan and D. Ramanan},
	Booktitle = {IEEE Conference on Computer Vision and Pattern Recognition},
	Date-Added = {2013-12-06 17:48:11 +0000},
	Date-Modified = {2013-12-06 17:48:11 +0000},
	Pages = {3522-3529},
	Title = {Recognizing proxemics in personal photos},
	Year = {2012}}

@article{RamananFZ07,
	Author = {D. Ramanan and D. Forsyth and A. Zisserman},
	Date-Added = {2013-12-06 17:48:11 +0000},
	Date-Modified = {2013-12-06 17:48:11 +0000},
	Journal = {IEEE Transactions on Pattern Analysis Machine Intelligence},
	Pages = {65-81},
	Title = {Tracking People by Learning Their Appearance},
	Volume = {29},
	Year = {2007}}

@article{EshelM10,
	Author = {R. Eshel and Y. Moses},
	Date-Added = {2013-12-06 17:48:11 +0000},
	Date-Modified = {2013-12-06 17:48:11 +0000},
	Journal = {International Journal of Computer Vision},
	Pages = {129-143},
	Title = {Tracking in a Dense Crowd Using Multiple Cameras},
	Volume = {88},
	Year = {2010}}

@inproceedings{EfrosBMM03,
	Author = {A. Efros and A. Berg and G. Mori and J. Malik},
	Booktitle = {International Conference on Computer Vision},
	Date-Added = {2013-12-06 17:48:11 +0000},
	Date-Modified = {2013-12-06 17:48:11 +0000},
	Pages = {726-733},
	Title = {Recognizing Action at a Distance},
	Year = {2003}}

@inproceedings{Weinland:invariance2,
	Author = {D. Weinland and E. Boyer and R. Ronfard},
	Booktitle = {International Conference on Computer Vision},
	Date-Added = {2013-12-06 17:48:11 +0000},
	Date-Modified = {2013-12-06 17:48:11 +0000},
	Pages = {1-7},
	Title = {Action recognition from arbitrary views using 3d examplars},
	Year = {2007}}

@inproceedings{KTH,
	Author = {C. Sch{\"u}ldt and I. Laptev and B. Caputo},
	Booktitle = {International Conference on Pattern Recognition},
	Date-Added = {2013-12-06 17:48:11 +0000},
	Date-Modified = {2013-12-06 17:48:11 +0000},
	Pages = {32-36},
	Title = {Recognizing Human Actions: A Local SVM Approach},
	Year = {2004}}

@article{Weizmann,
	Author = {L. Gorelick and M. Blank and E. Shechtman and M. Irani and R. Basri},
	Date-Added = {2013-12-06 17:48:11 +0000},
	Date-Modified = {2013-12-06 17:48:11 +0000},
	Journal = {IEEE Transactions on Pattern Analysis and Machine Intelligence},
	Pages = {2247-2253},
	Title = {Actions as Space-Time Shapes},
	Volume = {29},
	Year = {2007}}

@article{Intille:act,
	Author = {S. Intille and A. Bobick},
	Date-Added = {2013-12-06 17:48:11 +0000},
	Date-Modified = {2013-12-06 17:48:11 +0000},
	Journal = {Computer Vision and Image Understanding},
	Pages = {414 - 445},
	Title = {Recognizing Planned, Multiperson Action},
	Volume = {81},
	Year = {2001}}

@inproceedings{Ni:group,
	Author = {B. Ni and S. Yan and A. Kassim},
	Booktitle = {IEEE Conference on Computer Vision and Pattern Recognition},
	Date-Added = {2013-12-06 17:48:11 +0000},
	Date-Modified = {2013-12-06 17:48:11 +0000},
	Pages = {1470-1477},
	Title = {Recognizing Human Group Activities by Localized Causalities},
	Year = {2009}}

@inproceedings{Hongeng:act,
	Author = {S. Hongeng and R. Nevatia},
	Booktitle = {International Conference on Computer Vision},
	Date-Added = {2013-12-06 17:48:11 +0000},
	Date-Modified = {2013-12-06 17:48:11 +0000},
	Pages = {84 - 91},
	Title = {Multi-agent Event Recognition},
	Year = {2001}}

@inproceedings{Gong:act,
	Author = {S. Gong and T. Xiang},
	Booktitle = {International Conference on Computer Vision},
	Date-Added = {2013-12-06 17:48:11 +0000},
	Date-Modified = {2013-12-06 17:48:11 +0000},
	Pages = {742 - 749},
	Title = {Recognition of Group Activities using Dynamic Probabilistic Networks},
	Year = {2003}}

@article{Hakeem:act,
	Author = {A. Hakeem and M. Shah},
	Date-Added = {2013-12-06 17:48:11 +0000},
	Date-Modified = {2013-12-06 17:48:11 +0000},
	Journal = {Artificial Intelligence},
	Pages = {586 - 605},
	Title = {Learning, detection and representation of multi-agent events in videos},
	Volume = {171},
	Year = {2007}}

@inproceedings{Vlad:group,
	Author = {V. Morariu and L. Davis},
	Booktitle = {IEEE Conference on Computer Vision and Pattern Recognition},
	Date-Added = {2013-12-06 17:48:11 +0000},
	Date-Modified = {2013-12-06 17:48:11 +0000},
	Pages = {3289 - 3296},
	Title = {Multi-agent event recognition in structured scenarios},
	Year = {2011}}

@inproceedings{Ryoo:group,
	Author = {M. Ryoo and J. Aggarwal},
	Booktitle = {International Conference on Computer Vision},
	Date-Added = {2013-12-06 17:48:11 +0000},
	Date-Modified = {2013-12-06 17:48:11 +0000},
	Pages = {1593 - 1600},
	Title = {Spatio-Temporal Relationship Match: Video Structure Comparison for Recognition of Complex Human Activities},
	Year = {2009}}

@article{WangMG09,
	Author = {X. Wang and X. Ma and W. E. L. Grimson},
	Date-Added = {2013-12-06 17:48:11 +0000},
	Date-Modified = {2013-12-06 17:48:11 +0000},
	Journal = {IEEE Transactions on Pattern Analysis and Machine Intelligence},
	Pages = {539-555},
	Title = {Unsupervised Activity Perception in Crowded and Complicated Scenes Using Hierarchical Bayesian Models},
	Volume = {31},
	Year = {2009}}

@inproceedings{CRIM13,
	Author = {X. Burgos-Artizzu and P. Dollar and D. Lin and D. Anderson and P. Perona},
	Booktitle = {IEEE Conference on Computer Vision and Pattern Recognition},
	Date-Added = {2013-12-06 17:48:11 +0000},
	Date-Modified = {2013-12-06 17:48:11 +0000},
	Title = {Social Behavior Recognition in continuous videos},
	Year = {2012}}

@article{ScharsteinS02,
	Author = {D. Scharstein and R. Szeliski},
	Date-Added = {2013-12-06 17:48:11 +0000},
	Date-Modified = {2013-12-06 17:48:11 +0000},
	Journal = {International Journal of Computer Vision},
	Pages = {7-42},
	Title = {A Taxonomy and Evaluation of Dense Two-Frame Stereo Correspondence Algorithms},
	Volume = {47},
	Year = {2002}}

@article{Everingham10,
	Author = {Everingham, M. and Van~Gool, L. and Williams, C. and Winn, J. and Zisserman, A.},
	Date-Added = {2013-12-06 17:48:11 +0000},
	Date-Modified = {2013-12-06 17:48:11 +0000},
	Journal = {International Journal of Computer Vision},
	Pages = {303--338},
	Title = {The Pascal Visual Object Classes (VOC) Challenge},
	Volume = {88},
	Year = {2010}}

@inproceedings{MartinFTM01,
	Author = {D. Martin and C. Fowlkes and D. Tal and J. Malik},
	Booktitle = {International Conference on Computer Vision},
	Date-Added = {2013-12-06 17:48:11 +0000},
	Date-Modified = {2013-12-06 17:48:11 +0000},
	Pages = {416--423},
	Title = {A Database of Human Segmented Natural Images and its Application to Evaluating Segmentation Algorithms and Measuring Ecological Statistics},
	Year = {2001}}

@inproceedings{Berg05shapematching,
	Author = {A. Berg and T. Berg and J. Malik},
	Booktitle = {IEEE Conference on Computer Vision and Pattern Recognition},
	Date-Added = {2013-12-06 17:48:11 +0000},
	Date-Modified = {2013-12-06 17:48:11 +0000},
	Pages = {26--33},
	Title = {Shape matching and object recognition using low distortion correspondence},
	Year = {2005}}

@article{Lampert,
	Author = {C. Lampert and M. Blaschko and T. Hofmann},
	Date-Added = {2013-12-06 17:48:11 +0000},
	Date-Modified = {2013-12-06 17:48:11 +0000},
	Journal = {IEEE Transactions on Pattern Analysis and Machine Intelligence},
	Pages = {2129-2142},
	Title = {Efficient Subwindow Search: A Branch and Bound Framework for Object Localization},
	Volume = {31},
	Year = {2011}}

@article{Ando05,
	Author = {R. K. Ando and T. Zhang},
	Date-Added = {2013-12-06 17:48:06 +0000},
	Date-Modified = {2013-12-06 17:48:06 +0000},
	Journal = {Journal of Machine Learning Research},
	Pages = {817--8535},
	Title = {A framework for learning predictive structures from multiple tasks and unlabeled data},
	Volume = {6},
	Year = {2005}}

@article{Baxter97,
	Author = {J. Baxter},
	Date-Added = {2013-12-06 17:48:06 +0000},
	Date-Modified = {2013-12-06 17:48:06 +0000},
	Journal = {Machine Learning},
	Title = {A bayesian/information theoretic model of learning to learn via multiple task sampling},
	Volume = {28},
	Year = {1997}}

@article{Caruana97,
	Author = {R. Caruana},
	Date-Added = {2013-12-06 17:48:06 +0000},
	Date-Modified = {2013-12-06 17:48:06 +0000},
	Journal = {Machine Learning},
	Pages = {41-75},
	Title = {Multitask learning},
	Volume = {28},
	Year = {1997}}

@inproceedings{Kuss06,
	Author = {M. Kuss and C. E. Rasmussen},
	Booktitle = NIPS,
	Date-Added = {2013-12-06 17:48:06 +0000},
	Date-Modified = {2013-12-06 17:48:06 +0000},
	Pages = {699 -- 706},
	Publisher = {MIT Press},
	Title = {Assessing Approximations for Gaussian Process Classification},
	Year = 2006}

@incollection{Lawrence04,
	Address = {Cambridge, MA},
	Author = {N. D. Lawrence},
	Booktitle = NIPS,
	Date-Added = {2013-12-06 17:48:06 +0000},
	Date-Modified = {2013-12-06 17:48:06 +0000},
	Keywords = {Gaussian processes, visualisation, kernel methods, PCA, kernel PCA},
	Publisher = {MIT Press},
	Title = {{Gaussian Process Models for Visualisation of High Dimensional Data}},
	Year = {2004}}

@inproceedings{Lawrence04b,
	Author = {N. D. Lawrence and J. C. Platt},
	Booktitle = ICML,
	Date-Added = {2013-12-06 17:48:06 +0000},
	Date-Modified = {2013-12-06 17:48:06 +0000},
	Title = {{Learning to learn with the informative vector machine}},
	Year = 2004}

@inproceedings{Lawrence06b,
	Address = {Banff, Alberta, Canada},
	Author = {N. D. Lawrence and J. Qui{\~n}onero-Candela},
	Booktitle = ICML,
	Date-Added = {2013-12-06 17:48:06 +0000},
	Date-Modified = {2013-12-06 17:48:06 +0000},
	Month = {July},
	Pages = {96--103},
	Title = {{Local distance preservation in the GP-LVM through back constraints}},
	Volume = 69,
	Year = 2006}

@inproceedings{Lawrence07,
	Author = {N. D. Lawrence and A. J. Moore},
	Booktitle = ICML,
	Date-Added = {2013-12-06 17:48:06 +0000},
	Date-Modified = {2013-12-06 17:48:06 +0000},
	Title = {{Hierarchical Gaussian process latent variable models}},
	Year = 2007}

@phdthesis{Minka01,
	Author = {T. P. Minka},
	Date-Added = {2013-12-06 17:48:06 +0000},
	Date-Modified = {2013-12-06 17:48:06 +0000},
	School = {MIT},
	Title = {{A Family of Algorithms for Approximate Bayesian Inference}},
	Year = 2001}

@book{Rasmussen06,
	Author = {C. E. Rasmussen and C. K. Williams},
	Date-Added = {2013-12-06 17:48:06 +0000},
	Date-Modified = {2013-12-06 17:48:06 +0000},
	Publisher = {MIT Press},
	Title = {Gaussian Process for Machine Learning},
	Year = 2006}

@incollection{Shon06,
	Address = {Cambridge, MA},
	Author = {A. P. Shon and K. Grochow and A. Hertzmann and R. Rao},
	Booktitle = NIPS,
	Date-Added = {2013-12-06 17:48:06 +0000},
	Date-Modified = {2013-12-06 17:48:06 +0000},
	Publisher = {MIT Press},
	Title = {{Learning Shared Latent Structure for Image Synthesis and Robotic Imitation}},
	Year = {2006}}

@inproceedings{Thrun96,
	Author = {S. Thrun},
	Booktitle = NIPS,
	Date-Added = {2013-12-06 17:48:06 +0000},
	Date-Modified = {2013-12-06 17:48:06 +0000},
	Title = {{Is learning the n-th thing any easier than learning the first?}},
	Year = 1996}

@article{Tipping99,
	Author = {M.E. Tipping and C.M. Bishop},
	Date-Added = {2013-12-06 17:48:06 +0000},
	Date-Modified = {2013-12-06 17:48:06 +0000},
	Journal = {Journal of the Royal Statistical Society, B},
	Number = 3,
	Pages = {611-622},
	Title = {Probabilistic principal component anlaysis},
	Volume = 61,
	Year = {1999}}

@inproceedings{Urtasun07,
	Author = {R. Urtasun and T. Darrell},
	Booktitle = ICML,
	Date-Added = {2013-12-06 17:48:06 +0000},
	Date-Modified = {2013-12-06 17:48:06 +0000},
	Title = {{Discriminative Gaussian Process Latent Variable Models for Classification }},
	Year = {2007}}

@incollection{Wang05,
	Address = {Cambridge, MA},
	Author = {J. Wang and D. J. Fleet and A. Hertzman},
	Booktitle = NIPS,
	Date-Added = {2013-12-06 17:48:06 +0000},
	Date-Modified = {2013-12-06 17:48:06 +0000},
	Publisher = {MIT Press},
	Title = {{Gaussian Process dynamical models}},
	Year = {2005}}

@article{Williams98,
	Author = {C. K. I. Williams and D. Barber},
	Date-Added = {2013-12-06 17:48:06 +0000},
	Date-Modified = {2013-12-06 17:48:06 +0000},
	Journal = PAMI,
	Number = {12},
	Pages = {1342-1351},
	Title = {{ Bayesian classification with Gaussian processes }},
	Volume = {20},
	Year = {1998}}

@inproceedings{Yu05,
	Author = {K. Yu and V. Tresp and A. Schwaighofer},
	Booktitle = ICML,
	Date-Added = {2013-12-06 17:48:06 +0000},
	Date-Modified = {2013-12-06 17:48:06 +0000},
	Pages = {1012-1019},
	Title = {{Learning Gaussian processes from multiple tasks}},
	Year = 2005}

@article{Boykov:segmentation,
	Author = {Y. Boykov and O. Veksler},
	Date-Added = {2013-12-06 17:48:02 +0000},
	Date-Modified = {2013-12-06 17:48:02 +0000},
	Journal = {Handbook of Mathematical Models in Computer Vision},
	Pages = {79 - 96},
	Title = {Graph Cuts in Vision and Graphics: Theories and Applications},
	Year = {2002}}

@inproceedings{Ng:spectral,
	Author = {A. Ng and M. Jordan and Y. Weiss},
	Booktitle = {Proceedings of Neural Information Processing Systems},
	Date-Added = {2013-12-06 17:48:02 +0000},
	Date-Modified = {2013-12-06 17:48:02 +0000},
	Pages = {1-8},
	Title = {On spectral clustering: analysis and an algorithm},
	Year = {2002}}

@article{Xu:clustering,
	Author = {R. Xu and D. Wunsch},
	Date-Added = {2013-12-06 17:48:02 +0000},
	Date-Modified = {2013-12-06 17:48:02 +0000},
	Journal = {IEEE Transactions on Neural Networks},
	Pages = {645-678},
	Title = {Survey of clustering algorithms},
	Volume = {16},
	Year = {2005}}

@article{Filippone:clustering,
	Author = {M. Filippone and F. Camastra and F. Masulli},
	Date-Added = {2013-12-06 17:48:02 +0000},
	Date-Modified = {2013-12-06 17:48:02 +0000},
	Journal = {Pattern Recognition},
	Pages = {176-190},
	Title = {A survey of kernel and spectral methods for clustering},
	Volume = {41},
	Year = {2008}}

@article{West:Graph,
	Author = {D. West},
	Date-Added = {2013-12-06 17:48:02 +0000},
	Date-Modified = {2013-12-06 17:48:02 +0000},
	Journal = {Introduction to Graph Theory},
	Pages = {107-122},
	Title = {Matchings and Factors},
	Year = {2001}}

@article{Caetano:graph,
	Author = {T. Caetano and J. McAuley and L. Cheng and Q. Le and A. Smola},
	Date-Added = {2013-12-06 17:48:02 +0000},
	Date-Modified = {2013-12-06 17:48:02 +0000},
	Journal = {IEEE Transaction on Pattern Analysis and Machine Intelligence},
	Pages = {1048-1058},
	Title = {Learning Graph Matching},
	Volume = {31},
	Year = {2011}}

@article{Kolacyzk,
	Author = {E. Kolacyzk},
	Date-Added = {2013-12-06 17:48:02 +0000},
	Date-Modified = {2013-12-06 17:48:02 +0000},
	Journal = {Springer, New York},
	Title = {Statistical Anaysis of Network Models},
	Year = {2009}}

@article{Goldenberg,
	Author = {A. Goldenberg and A. Zheng and S. Fienberg and E. Airoldi},
	Date-Added = {2013-12-06 17:48:02 +0000},
	Date-Modified = {2013-12-06 17:48:02 +0000},
	Journal = {Foundations and Trends in Machine Learning},
	Pages = {129-233},
	Title = {A Survey of Statistical Network Models},
	Volume = {2},
	Year = {2009}}

@article{Snijders,
	Author = {T. Snijders},
	Date-Added = {2013-12-06 17:48:02 +0000},
	Date-Modified = {2013-12-06 17:48:02 +0000},
	Journal = {Annual Review of Sociology},
	Pages = {131-153},
	Title = {Statistical Models for Social Networks},
	Volume = {37},
	Year = {2011}}

@article{Rossi,
	Author = {R. Rossi and L. McDowell and D. Aha and J. Neville},
	Date-Added = {2013-12-06 17:48:02 +0000},
	Date-Modified = {2013-12-06 17:48:02 +0000},
	Journal = {arXiv:1204.0033},
	Title = {Transforming Graph Representations for Statistical Relational Learning},
	Year = {2012}}

@article{Basu:meeting,
	Author = {S. Basu},
	Date-Added = {2013-12-06 17:48:02 +0000},
	Date-Modified = {2013-12-06 17:48:02 +0000},
	Journal = {PhD dissertation, Massachusetts Institute of Technology},
	Title = {Conversational Scene Analysis},
	Year = {2002}}

@inproceedings{Brand:CHMM,
	Author = {M. Brand and N. Oliver and A. Pentland},
	Booktitle = {IEEE Conference on Computer Vision and Pattern Recognition},
	Date-Added = {2013-12-06 17:48:02 +0000},
	Date-Modified = {2013-12-06 17:48:02 +0000},
	Pages = {994 - 999},
	Title = {Coupled hidden Markov models for complex action recognition},
	Year = {1997}}

@inproceedings{Choudhury:MHMM,
	Author = {T. Choudhury and S. Basu},
	Booktitle = {Proceedings of Neural Information Processing Systems},
	Date-Added = {2013-12-06 17:48:02 +0000},
	Date-Modified = {2013-12-06 17:48:02 +0000},
	Pages = {1-8},
	Title = {Modeling conversational dynamics as a mixed memory Markov process},
	Year = {2004}}

@article{Dong,
	Author = {W. Dong},
	Date-Added = {2013-12-06 17:48:02 +0000},
	Date-Modified = {2013-12-06 17:48:02 +0000},
	Journal = {PhD thesis, Massachusetts Institute of Technology},
	Title = {Modeling the Structure of Collective Intelligence},
	Year = {2010}}

@article{Pan:influence,
	Author = {W. Pan and M. Cebrian and W. Dong and T. Kim and J. Fowler and A. Pentland},
	Date-Added = {2013-12-06 17:48:02 +0000},
	Date-Modified = {2013-12-06 17:48:02 +0000},
	Journal = {arXiv:1009.0240},
	Title = {Modeling Dynamical Influence in Human Interaction Patterns},
	Year = {2012}}

@article{Darwin,
	Author = {C. Darwin},
	Date-Added = {2013-12-06 17:48:02 +0000},
	Date-Modified = {2013-12-06 17:48:02 +0000},
	Title = {The expression of the emotions in man and animals},
	Year = {1872}}

@article{Thomkins,
	Author = {S. Thomkins},
	Date-Added = {2013-12-06 17:48:02 +0000},
	Date-Modified = {2013-12-06 17:48:02 +0000},
	Journal = {New York: Springer},
	Title = {Affect, imagery, consciousness},
	Year = {1962}}

@article{Goffman,
	Author = {E. Goffman},
	Date-Added = {2013-12-06 17:48:02 +0000},
	Date-Modified = {2013-12-06 17:48:02 +0000},
	Journal = {Boston: Northeastern University Press},
	Title = {Frame analysis: An essay on the organization of experience},
	Year = {1986}}

@article{Kendon1990,
	Author = {A. Kendon},
	Date-Added = {2013-12-06 17:48:02 +0000},
	Date-Modified = {2013-12-06 17:48:02 +0000},
	Journal = {New York: Cambridge University Press},
	Title = {Conducting interaction: Patterns of behavior in focused encounters},
	Year = {1990}}

@article{Ekman,
	Author = {P. Ekman},
	Date-Added = {2013-12-06 17:48:02 +0000},
	Date-Modified = {2013-12-06 17:48:02 +0000},
	Journal = {Cognition and Emotion},
	Pages = {169-200},
	Title = {An argument for basic emotions},
	Volume = {6},
	Year = {1992}}

@article{Hoyle,
	Author = {S. Hoyle},
	Date-Added = {2013-12-06 17:48:02 +0000},
	Date-Modified = {2013-12-06 17:48:02 +0000},
	Journal = {Framing in Discourse},
	Pages = {114-145},
	Title = {Participation frameworks in sportscasting play: Imaginary and literal footings},
	Year = {1993}}

@article{Tannen,
	Author = {D. Tannen and C. Wallat},
	Date-Added = {2013-12-06 17:48:02 +0000},
	Date-Modified = {2013-12-06 17:48:02 +0000},
	Journal = {Framing in Discourse},
	Pages = {57-76},
	Title = {Interactive frames and knowledge schemas in interaction: Examples from a medical examination/interview},
	Year = {1993}}

@article{Goodwin2000,
	Author = {C. Goodwin},
	Date-Added = {2013-12-06 17:48:02 +0000},
	Date-Modified = {2013-12-06 17:48:02 +0000},
	Journal = {Journal of Pragmatics},
	Pages = {1489-1522},
	Title = {Action and embodiment within situated human interaction},
	Volume = {32},
	Year = {2000}}

@article{Goldin,
	Author = {S. Goldin-Meadow},
	Date-Added = {2013-12-06 17:48:02 +0000},
	Date-Modified = {2013-12-06 17:48:02 +0000},
	Journal = {Cambridge: The Belknap Press of Harvard University Press},
	Title = {Hearing gesture: How our hands help us think},
	Year = {2003}}

@article{Eckmann,
	Author = {J. Eckmann and E. Moses and D. Sergl},
	Date-Added = {2013-12-06 17:48:02 +0000},
	Date-Modified = {2013-12-06 17:48:02 +0000},
	Journal = {Proceedings of the National Academy of Sciences of the United States of America},
	Pages = {14333--14337},
	Title = {Entropy of dialogues creates coherent structures in e-mail traffic},
	Volume = {101},
	Year = {2004}}

@article{Goodwin2007,
	Author = {C. Goodwin},
	Date-Added = {2013-12-06 17:48:02 +0000},
	Date-Modified = {2013-12-06 17:48:02 +0000},
	Journal = {Discourse and Society},
	Pages = {57-73},
	Title = {Participation, stance, and affect in the organization of activities},
	Volume = {18},
	Year = {2007}}

@article{Onnela,
	Author = {J. Onnela and J. Saram{\"a}ki and J. Hyv{\"o}nen and G. Szab{\'o} and D. Lazer and K. Kaskil and J. Kert{\'e}sz and A. Barab{\'a}si},
	Date-Added = {2013-12-06 17:48:02 +0000},
	Date-Modified = {2013-12-06 17:48:02 +0000},
	Journal = {Proceedings of the National Academy of Sciences of the United States of America},
	Pages = {7332-7336},
	Title = {Structure and tie strengths in mobile communication networks},
	Volume = {104},
	Year = {2007}}

@article{Watts,
	Author = {D. Watts and P. Dodds},
	Date-Added = {2013-12-06 17:48:02 +0000},
	Date-Modified = {2013-12-06 17:48:02 +0000},
	Journal = {Journal of Consumer Research},
	Pages = {441-458},
	Title = {Influentials, networks, and public opinion formation},
	Volume = {34},
	Year = {2007}}

@article{Gonzalez,
	Author = {M. Gonz{\'a}lez and C. Hidalgo and A. Barab{\'a}si},
	Date-Added = {2013-12-06 17:48:02 +0000},
	Date-Modified = {2013-12-06 17:48:02 +0000},
	Journal = {Nature},
	Pages = {779-782},
	Title = {Understanding individual human mobility patterns},
	Volume = {453},
	Year = {2008}}

@article{Eagle,
	Author = {N. Eagle and A. Pentland and D. Lazer},
	Date-Added = {2013-12-06 17:48:02 +0000},
	Date-Modified = {2013-12-06 17:48:02 +0000},
	Journal = {Proceedings of the National Academy of Sciences of the United States of America},
	Pages = {15274-15278},
	Title = {Inferring friendship network structure by using mobile phone data},
	Volume = {106},
	Year = {2009}}

@article{Kendon2010,
	Author = {A. Kendon},
	Date-Added = {2013-12-06 17:48:02 +0000},
	Date-Modified = {2013-12-06 17:48:02 +0000},
	Journal = {Lecture Notes in Computer Science},
	Pages = {1-15},
	Title = {Spacing and orientation in co-present interaction},
	Volume = {5967},
	Year = {2010}}

@article{Iacus,
	Author = {S. Iacus and G. King and G. Porro},
	Date-Added = {2013-12-06 17:48:02 +0000},
	Date-Modified = {2013-12-06 17:48:02 +0000},
	Journal = {Political Analysis},
	Pages = {1-24},
	Title = {Causal Inference without Balance Checking: Coarsened Exact Matching},
	Volume = {20},
	Year = {2012}}

@article{Lazer2009,
	Author = {D. Lazer and A. Pentland and L. Adamic and S. Aral and A. Barabasi and D. Brewer and N. Christakis and N. Contractor and J. Fowler and M. Gutmann and T. Jebara and G. King and M. Macy and D. Roy and M. Van Alstyne},
	Date-Added = {2013-12-06 17:48:02 +0000},
	Date-Modified = {2013-12-06 17:48:02 +0000},
	Journal = {Science},
	Pages = {721-723},
	Title = {Life in the network: the coming age of computational social science},
	Volume = {323},
	Year = {2009}}

@article{CoxMDS,
	Author = {T. Cox and M. Cox},
	Date-Added = {2013-12-06 17:48:02 +0000},
	Date-Modified = {2013-12-06 17:48:02 +0000},
	Journal = {CRC Press},
	Title = {Multidimensional Scaling},
	Year = {2001}}

@article{Scherr2009,
	Author = {R. Scherr and H. David},
	Date-Added = {2013-12-06 17:48:02 +0000},
	Date-Modified = {2013-12-06 17:48:02 +0000},
	Journal = {Cognition and Instruction},
	Pages = {147--174},
	Title = {{Student Behavior and Epistemological Framing: Examples from Collaborative Active-Learning Activities in Physics}},
	Volume = {27},
	Year = {2009}}

@article{econo_category,
	Author = {Bornstein, G. and Yaniv, I.},
	Date-Added = {2013-12-06 17:48:02 +0000},
	Date-Modified = {2013-12-06 17:48:02 +0000},
	Journal = {Experimental Economics},
	Pages = {101-108},
	Title = {Individual and Group Behavior in the Ultimatum Game: Are Groups More ‚{\"A}{\'u}Rational‚{\"A}{\`u} Players?},
	Volume = {1},
	Year = {1998}}

@article{ChangB09,
	Author = {J. Chang and D. Blei},
	Date-Added = {2013-12-06 17:48:02 +0000},
	Date-Modified = {2013-12-06 17:48:02 +0000},
	Journal = {Journal of Machine Learning Research},
	Pages = {81-88},
	Title = {Relational Topic Models for Document Networks},
	Volume = {5},
	Year = {2009}}

@inproceedings{WangMM05,
	Author = {X. Wang and N. Mohanty and A. McCallum},
	Booktitle = {Neural Information Processing System},
	Date-Added = {2013-12-06 17:48:02 +0000},
	Date-Modified = {2013-12-06 17:48:02 +0000},
	Pages = {1-8},
	Title = {Group and Topic Discovery from Relations and Their Attributes},
	Year = {2005}}

@article{AiroldiBFX08,
	Author = {E. Airoldi and D. Blei and S. Fienberg and E. Xing},
	Date-Added = {2013-12-06 17:48:02 +0000},
	Date-Modified = {2013-12-06 17:48:02 +0000},
	Journal = {Journal of Machine Learning Research},
	Pages = {1981-2014},
	Title = {Mixed Membership Stochastic Blockmodels},
	Volume = {9},
	Year = {2008}}

@inproceedings{Kim12,
	Author = {M. Kim and J. Leskovec},
	Booktitle = {International Conference on Machine Learning},
	Date-Added = {2013-12-06 17:48:02 +0000},
	Date-Modified = {2013-12-06 17:48:02 +0000},
	Pages = {1-10},
	Title = {Latent Multi-Group Membership Graph Model},
	Year = {2012}}

@article{Goldberg,
	Author = {Goldberg, D. and Roth, F.},
	Date-Added = {2013-12-06 17:48:02 +0000},
	Date-Modified = {2013-12-06 17:48:02 +0000},
	Journal = {Proceedings of the National Academy of Sciences},
	Number = {8},
	Pages = {4372--4376},
	Title = {{Assessing experimentally derived interactions in a small world}},
	Volume = {100},
	Year = {2003}}

@inproceedings{Liben-Nowell,
	Author = {Liben-Nowell, D. and Kleinberg, J.},
	Booktitle = {Proceedings of the twelfth international conference on Information and knowledge management},
	Date-Added = {2013-12-06 17:48:02 +0000},
	Date-Modified = {2013-12-06 17:48:02 +0000},
	Pages = {556--559},
	Title = {The link prediction problem for social networks},
	Year = {2003}}

@inproceedings{TaskarWAK03,
	Author = {B. Taskar and M. F. Wong and P. Abbeel and D. Koller},
	Booktitle = {Neural Information Processing System},
	Date-Added = {2013-12-06 17:48:02 +0000},
	Date-Modified = {2013-12-06 17:48:02 +0000},
	Pages = {1-8},
	Title = {Link Prediction in Relational Data},
	Year = {2003}}

@article{Clauset,
	Author = {A. Clauset and C. Moore and M. Newman},
	Date-Added = {2013-12-06 17:48:02 +0000},
	Date-Modified = {2013-12-06 17:48:02 +0000},
	Journal = {Nature},
	Pages = {98-101},
	Title = {Hierarchical structure and the prediction of missing links in networks},
	Volume = {453},
	Year = {2007}}

@article{Guimera,
	Author = {Guimera, R. and Sales-Pardo, M.},
	Date-Added = {2013-12-06 17:48:02 +0000},
	Date-Modified = {2013-12-06 17:48:02 +0000},
	Journal = {Proceedings of the National Academy of Sciences},
	Pages = {22073-22078},
	Title = {Missing and spurious interactions and the reconstruction of complex networks},
	Volume = {106},
	Year = {2009}}

@article{HannekeX09,
	Author = {S. Hanneke and E. Xing},
	Date-Added = {2013-12-06 17:48:02 +0000},
	Date-Modified = {2013-12-06 17:48:02 +0000},
	Journal = {Journal of Machine Learning Research},
	Pages = {209-215},
	Title = {Network Completion and Survey Sampling},
	Volume = {5},
	Year = {2009}}

@inproceedings{KimL11,
	Author = {M. Kim and J. Leskovec},
	Booktitle = {SIAM International Conference on Data Mining},
	Date-Added = {2013-12-06 17:48:02 +0000},
	Date-Modified = {2013-12-06 17:48:02 +0000},
	Pages = {47-58},
	Title = {The Network Completion Problem: Inferring Missing Nodes and Edges in Networks},
	Year = {2011}}

@article{Hoff01latentspace,
	Author = {P. Hoff and A. Raftery and M. Handcock},
	Date-Added = {2013-12-06 17:48:02 +0000},
	Date-Modified = {2013-12-06 17:48:02 +0000},
	Journal = {JOURNAL OF THE AMERICAN STATISTICAL ASSOCIATION},
	Pages = {1090--1098},
	Title = {Latent Space Approaches to Social Network Analysis},
	Volume = {97},
	Year = {2001}}

@article{Hancocklatent,
	Author = {Handcock, M. and Raftery, A. and Tantrum, J.},
	Date-Added = {2013-12-06 17:48:02 +0000},
	Date-Modified = {2013-12-06 17:48:02 +0000},
	Journal = {Journal of the Royal Statistical Society: Series A},
	Pages = {301--354},
	Title = {Model-based clustering for social networks},
	Volume = {170},
	Year = {2007}}

@article{GPbook,
	Author = {C. Rasmussen and C. Williams},
	Date-Added = {2013-12-06 17:48:02 +0000},
	Date-Modified = {2013-12-06 17:48:02 +0000},
	Journal = {MIT Press},
	Title = {Gaussian Processes for Machine Learning},
	Year = {2006}}

@article{DLbook,
	Author = {Y. Bengio},
	Date-Added = {2013-12-06 17:48:02 +0000},
	Date-Modified = {2013-12-06 17:48:02 +0000},
	Journal = {Foundations and Trends{\textregistered} in Machine Learning},
	Pages = {1--127},
	Title = {Learning Deep Architectures for AI},
	Volume = {2},
	Year = {2009}}

@article{Crouch:PI,
	Author = {C. Crouch and E. Mazur},
	Date-Added = {2013-12-06 17:48:02 +0000},
	Date-Modified = {2013-12-06 17:48:02 +0000},
	Journal = {American Journal of Physics},
	Pages = {970--977},
	Title = {Peer instruction: Ten years of experience and results},
	Volume = {69},
	Year = {2001}}

@article{Mazur:PI,
	Author = {E. Mazur and M. Somers},
	Date-Added = {2013-12-06 17:48:02 +0000},
	Date-Modified = {2013-12-06 17:48:02 +0000},
	Journal = {Prentice Hall},
	Pages = {253},
	Title = {Peer Instruction: A User's Manual},
	Year = {1997}}

@article{Fagen2002,
	Author = {A. Fagen and C. Crouch and E. Mazur},
	Date-Added = {2013-12-06 17:48:02 +0000},
	Date-Modified = {2013-12-06 17:48:02 +0000},
	Journal = {Physics Teacher},
	Pages = {206--209},
	Title = {Peer Instruction: Results from a Range of Classrooms},
	Volume = {40},
	Year = {2002}}

@article{Hake1998,
	Author = {R. Hake},
	Date-Added = {2013-12-06 17:48:02 +0000},
	Date-Modified = {2013-12-06 17:48:02 +0000},
	Journal = {American Journal of Physics},
	Pages = {64--74},
	Title = {Interactive-engagement versus traditional methods: A six-thousand-student survey of mechanics test data for introductory physics courses},
	Volume = {66},
	Year = {1998}}

@article{Okebukola1984,
	Author = {Okebukola, P. and Ogunniyi, M.},
	Date-Added = {2013-12-06 17:48:02 +0000},
	Date-Modified = {2013-12-06 17:48:02 +0000},
	Journal = {Journal of Research in Science Teaching},
	Pages = {875--884},
	Title = {Cooperative, competitive, and individualistic science laboratory interaction patterns---effects on students' achievement and acquisition of practical skills},
	Volume = {21},
	Year = {1984}}

@article{Peterson1979,
	Author = {P. Peterson and T. Janicki},
	Date-Added = {2013-12-06 17:48:02 +0000},
	Date-Modified = {2013-12-06 17:48:02 +0000},
	Journal = {Journal of Educational Psychology},
	Pages = {677-687},
	Title = {Individual characteristics and children's learning in large-group and small-group approaches},
	Volume = {71},
	Year = {1979}}

@conference{lecun2005lfd,
	Author = {LeCun, Y. and Huang, F.J.},
	Booktitle = {Proc. of the 10-thInternational Workshop on Artificial Intelligence and Statistics (AIStats' 05)},
	Date-Added = {2013-12-06 17:47:56 +0000},
	Date-Modified = {2013-12-06 17:47:56 +0000},
	Title = {{Loss functions for discriminative training of energy-based models}},
	Volume = {3},
	Year = {2005}}

@article{zhu1997abb,
	Author = {Zhu, C. and Byrd, R.H. and Lu, P. and Nocedal, J.},
	Date-Added = {2013-12-06 17:47:56 +0000},
	Date-Modified = {2013-12-06 17:47:56 +0000},
	Journal = {ACM Transactions on Mathematical Software (TOMS)},
	Number = {4},
	Pages = {550--560},
	Publisher = {ACM New York, NY, USA},
	Title = {Algorithm 778: L-BFGS-B: Fortran subroutines for large-scale bound-constrained optimization},
	Volume = {23},
	Year = {1997}}

@conference{sha2003spc,
	Author = {Sha, F. and Pereira, F.},
	Booktitle = {Proceedings of HLT-NAACL},
	Date-Added = {2013-12-06 17:47:56 +0000},
	Date-Modified = {2013-12-06 17:47:56 +0000},
	Title = {Shallow parsing with conditional random fields},
	Volume = {2003},
	Year = {2003}}

@techreport{frvt06,
	Author = {Phillips, Jonathon P. and Scruggs, Todd W. and O'toole, Alice J. and Flynn, Patrick J. and Bowyer, Kevin W. and Schott, Cathy L. and Sharpe, Matthew},
	Citeulike-Article-Id = {2625668},
	Date-Added = {2013-12-06 17:47:56 +0000},
	Date-Modified = {2013-12-06 17:47:56 +0000},
	Institution = {National Institute of Standards and Technology},
	Month = {March},
	Posted-At = {2008-04-03 11:06:01},
	Priority = {1},
	Title = {FRVT 2006 and ICE 2006 Large-Scale Results},
	Volume = {NISTIR 7408},
	Year = {2007}}

@conference{chakrabarti2008ccb,
	Author = {Chakrabarti, A. and Hirakawa, K. and Zickler, T.},
	Booktitle = {Proc. IEEE Conf. Computer Vision and Pattern Recognition},
	Date-Added = {2013-12-06 17:47:56 +0000},
	Date-Modified = {2013-12-06 17:47:56 +0000},
	Title = {Color constancy beyond bags of pixels},
	Year = {2008}}

@conference{chong2007kha,
	Author = {Chong, H.Y. and Gortler, S.J. and Zickler, T.},
	Booktitle = {Computer Vision, 2007. ICCV 2007. IEEE 11th International Conference on},
	Date-Added = {2013-12-06 17:47:56 +0000},
	Date-Modified = {2013-12-06 17:47:56 +0000},
	Pages = {1--8},
	Title = {The von Kries Hypothesis and a Basis for Color Constancy},
	Year = {2007}}

@inproceedings{Sunkavalli2008wdc,
	Author = {K. Sunkavalli and F. Romeiro and W. Matusik and T. Zickler and H. Pfister},
	Booktitle = cvpr,
	Date-Added = {2013-12-06 17:47:56 +0000},
	Date-Modified = {2013-12-06 17:47:56 +0000},
	Note = {To appear.},
	Title = {What do color changes reveal about an outdoor scene?},
	Year = 2008}

@inproceedings{Romeiro2007mbs,
	Author = {F. Romeiro and T. Zickler},
	Booktitle = {Proc. IEEE Workshop on Automatic Face and Gesture Recognition (AMFG) 2007},
	Date-Added = {2013-12-06 17:47:56 +0000},
	Date-Modified = {2013-12-06 17:47:56 +0000},
	Title = {Model-based stereo with occlusions},
	Year = {2007}}

@misc{watts2002ias,
	Author = {Watts, D.J. and Dodds, P.S. and Newman, MEJ},
	Date-Added = {2013-12-06 17:47:56 +0000},
	Date-Modified = {2013-12-06 17:47:56 +0000},
	Journal = {Science},
	Number = {5571},
	Pages = {1302--1305},
	Title = {Identity and Search in Social Networks},
	Volume = {296},
	Year = {2002}}

@conference{kumar2006sae,
	Author = {Kumar, R. and Novak, J. and Tomkins, A.},
	Booktitle = {Proceedings of the 12th ACM SIGKDD international conference on Knowledge discovery and data mining},
	Date-Added = {2013-12-06 17:47:56 +0000},
	Date-Modified = {2013-12-06 17:47:56 +0000},
	Organization = {ACM New York, NY, USA},
	Pages = {611--617},
	Title = {Structure and evolution of online social networks},
	Year = {2006}}

@conference{snavely2006pte,
	Author = {Snavely, N. and Seitz, S.M. and Szeliski, R.},
	Booktitle = {International Conference on Computer Graphics and Interactive Techniques},
	Date-Added = {2013-12-06 17:47:56 +0000},
	Date-Modified = {2013-12-06 17:47:56 +0000},
	Organization = {ACM New York, NY, USA},
	Pages = {835--846},
	Title = {Photo tourism: exploring photo collections in 3D},
	Year = {2006}}

@manual{libsvm,
	Author = {Chih-Chung Chang and Chih-Jen Lin},
	Date-Added = {2013-12-06 17:47:56 +0000},
	Date-Modified = {2013-12-06 17:47:56 +0000},
	Note = {Software available at \url{http://www.csie.ntu.edu.tw/~cjlin/libsvm}},
	Title = {{LIBSVM}: a library for support vector machines},
	Year = {2001}}

@article{Kumar07skm,
	Author = {Kumar, A. and Sminchisescu, C.},
	Date-Added = {2013-12-06 17:47:56 +0000},
	Date-Modified = {2013-12-06 17:47:56 +0000},
	Journal = {Proc.~IEEE~Int.~Conf.~Computer Vision},
	Title = {Support Kernel Machines for Object Recognition},
	Year = {2007},
	Bdsk-Url-1 = {http://dx.doi.org/10.1109/ICCV.2007.4409065}}

@conference{zhang2006skd,
	Author = {Zhang, H. and Berg, A. and Maire, M. and Malik, J.},
	Booktitle = {Proc. IEEE Conf. Computer Vision and Pattern Recognition},
	Date-Added = {2013-12-06 17:47:56 +0000},
	Date-Modified = {2013-12-06 17:47:56 +0000},
	Title = {{SVM-KNN}: Discriminative nearest neighbor classification for visual category recognition},
	Volume = {2},
	Year = {2006}}

@conference{lin2007lek,
	Author = {Lin, Y.Y. and Liu, T.L. and Fuh, C.S.},
	Booktitle = {Computer Vision and Pattern Recognition, 2007. CVPR'07. IEEE Conference on},
	Date-Added = {2013-12-06 17:47:56 +0000},
	Date-Modified = {2013-12-06 17:47:56 +0000},
	Pages = {1--8},
	Title = {Local Ensemble Kernel Learning for Object Category Recognition},
	Year = {2007}}

@conference{frome2007lgc,
	Author = {Frome, A. and Singer, Y. and Sha, F. and Malik, J. and EECS, UC},
	Booktitle = {Computer Vision, 2007. ICCV 2007. IEEE 11th International Conference on},
	Date-Added = {2013-12-06 17:47:56 +0000},
	Date-Modified = {2013-12-06 17:47:56 +0000},
	Pages = {1--8},
	Title = {{Learning Globally-Consistent Local Distance Functions for Shape-Based Image Retrieval and Classification}},
	Year = {2007}}

@conference{varma2007ldp,
	Author = {Varma, M. and Ray, D.},
	Booktitle = {Computer Vision, 2007. ICCV 2007. IEEE 11th International Conference on},
	Date-Added = {2013-12-06 17:47:56 +0000},
	Date-Modified = {2013-12-06 17:47:56 +0000},
	Pages = {1--8},
	Title = {Learning The Discriminative Power-Invariance Trade-Off},
	Year = {2007}}

@conference{bosch2007rss,
	Author = {Bosch, A. and Zisserman, A. and Munoz, X.},
	Booktitle = {Proceedings of the 6th ACM international conference on Image and video retrieval},
	Date-Added = {2013-12-06 17:47:56 +0000},
	Date-Modified = {2013-12-06 17:47:56 +0000},
	Organization = {ACM Press New York, NY, USA},
	Pages = {401--408},
	Title = {{Representing shape with a spatial pyramid kernel}},
	Year = {2007}}

@conference{grauman2005pmk,
	Author = {Grauman, K. and Darrell, T.},
	Booktitle = {Proc.~IEEE~Int.~Conf.~Computer Vision},
	Date-Added = {2013-12-06 17:47:56 +0000},
	Date-Modified = {2013-12-06 17:47:56 +0000},
	Title = {The pyramid match kernel: Discriminative classification with sets of image features},
	Year = {2005}}

@conference{collins1999umn,
	Author = {Collins, M. and Singer, Y.},
	Booktitle = {Proceedings of the Joint SIGDAT Conference on Empirical Methods in Natural Language Processing and Very Large Corpora},
	Date-Added = {2013-12-06 17:47:56 +0000},
	Date-Modified = {2013-12-06 17:47:56 +0000},
	Pages = {189--196},
	Title = {Unsupervised models for named entity classification},
	Year = {1999}}

@conference{blum1998cla,
	Author = {Blum, A. and Mitchell, T.},
	Booktitle = {Proceedings of the eleventh annual conference on Computational learning theory},
	Date-Added = {2013-12-06 17:47:56 +0000},
	Date-Modified = {2013-12-06 17:47:56 +0000},
	Organization = {ACM New York, NY, USA},
	Pages = {92--100},
	Title = {Combining labeled and unlabeled data with co-training},
	Year = {1998}}

@incollection{NIPS2007_496,
	Address = {Cambridge, MA},
	Author = {Shipeng Yu and Balaji Krishnapuram and Romer Rosales and Harald Steck and R. Bharat Rao},
	Booktitle = {Advances in Neural Information Processing Systems 20},
	Date-Added = {2013-12-06 17:47:56 +0000},
	Date-Modified = {2013-12-06 17:47:56 +0000},
	Editor = {J.C. Platt and D. Koller and Y. Singer and S. Roweis},
	Pages = {1665--1672},
	Publisher = {MIT Press},
	Title = {Bayesian Co-Training},
	Year = {2008}}

@phdthesis{Kapoor06ldm,
	Author = {A. Kapoor},
	Date-Added = {2013-12-06 17:47:56 +0000},
	Date-Modified = {2013-12-06 17:47:56 +0000},
	School = {Massachusetts Institute of Technology Media Lab},
	Title = {Learning discriminative models with incomplete data},
	Year = {2006}}

@techreport{zhu2003ssl,
	Author = {Zhu, X. and Lafferty, J. and Ghahraman, Z.},
	Date-Added = {2013-12-06 17:47:56 +0000},
	Date-Modified = {2013-12-06 17:47:56 +0000},
	Institution = {Tech Report CMU-CS-03-175, Carnegie Mellon University, School of Computer Science},
	Title = {Semin-Supervised Learning: From Gaussian Fields to Gaussian Processes},
	Year = {2003}}

@article{lawrence2005ssl,
	Author = {Lawrence, N.D. and Jordan, M.I.},
	Date-Added = {2013-12-06 17:47:56 +0000},
	Date-Modified = {2013-12-06 17:47:56 +0000},
	Journal = {Advances in Neural Information Processing Systems},
	Pages = {753--760},
	Title = {Semi-supervised learning via Gaussian processes},
	Volume = {17},
	Year = {2005}}

@conference{davis2007itm,
	Author = {Davis, J.V. and Kulis, B. and Jain, P. and Sra, S. and Dhillon, I.S.},
	Booktitle = {Proceedings of the 24th international conference on Machine learning},
	Date-Added = {2013-12-06 17:47:56 +0000},
	Date-Modified = {2013-12-06 17:47:56 +0000},
	Organization = {ACM Press New York, NY, USA},
	Pages = {209--216},
	Title = {{Information-theoretic metric learning}},
	Year = {2007}}

@conference{stone2008afs,
	Author = {Stone, Z. and Zickler, T. and Darrell, T.},
	Booktitle = {Computer Vision and Pattern Recognition Workshops, 2008. CVPR Workshops 2008. IEEE Computer Society Conference on},
	Date-Added = {2013-12-06 17:47:56 +0000},
	Date-Modified = {2013-12-06 17:47:56 +0000},
	Title = {{Autotagging Facebook: Social network context improves photo annotation}},
	Year = {2008}}

@inproceedings{1149949,
	Address = {New York, NY, USA},
	Author = {Cameron Marlow and Mor Naaman and Danah Boyd and Marc Davis},
	Booktitle = {HYPERTEXT '06: Proceedings of the seventeenth conference on Hypertext and hypermedia},
	Date-Added = {2013-12-06 17:47:56 +0000},
	Date-Modified = {2013-12-06 17:47:56 +0000},
	Doi = {http://doi.acm.org/10.1145/1149941.1149949},
	Isbn = {1-59593-417-0},
	Location = {Odense, Denmark},
	Pages = {31--40},
	Publisher = {ACM},
	Title = {HT06, tagging paper, taxonomy, Flickr, academic article, to read},
	Year = {2006},
	Bdsk-Url-1 = {http://doi.acm.org/10.1145/1149941.1149949}}

@conference{kuchinsky1999fcm,
	Author = {Kuchinsky, A. and Pering, C. and Creech, M.L. and Freeze, D. and Serra, B. and Gwizdka, J.},
	Booktitle = {Proceedings of the SIGCHI conference on Human factors in computing systems: the CHI is the limit},
	Date-Added = {2013-12-06 17:47:56 +0000},
	Date-Modified = {2013-12-06 17:47:56 +0000},
	Organization = {ACM Press New York, NY, USA},
	Pages = {496--503},
	Title = {{FotoFile: a consumer multimedia organization and retrieval system}},
	Year = {1999}}

@conference{shneiderman2000dad,
	Author = {Shneiderman, B. and Kang, H.},
	Booktitle = {Proceedings of International Conference on Information Visualization (VI2000)},
	Date-Added = {2013-12-06 17:47:56 +0000},
	Date-Modified = {2013-12-06 17:47:56 +0000},
	Pages = {88--95},
	Title = {Direct Annotation: A Drag and Drop Strategy for Labeling Photos},
	Year = {2000}}

@conference{weiiyin2001sai,
	Author = {Weiiyin, L. and Dumais, S. and Sun, Y. and Zhang, H. and Czerwinski, M. and Field, B.},
	Booktitle = {Human-Computer Interaction-Interact'01},
	Date-Added = {2013-12-06 17:47:56 +0000},
	Date-Modified = {2013-12-06 17:47:56 +0000},
	Organization = {IOS Press},
	Title = {{Semi-Automatic Image Annotation}},
	Year = {2001}}

@conference{rodden2003pmt,
	Author = {Rodden, K. and Wood, K.R.},
	Booktitle = {Proceedings of the SIGCHI conference on Human factors in computing systems},
	Date-Added = {2013-12-06 17:47:56 +0000},
	Date-Modified = {2013-12-06 17:47:56 +0000},
	Organization = {ACM Press New York, NY, USA},
	Pages = {409--416},
	Title = {How do people manage their digital photographs?},
	Year = {2003}}

@conference{berg2004naf,
	Author = {Berg, T. and Berg, A. and Edwards, J. and Maire, M. and White, R. and Teh, Y.W. and Learned-Miller, E. and Forsyth, D. and Berkeley, UC},
	Booktitle = {Proc. IEEE Conf. Computer Vision and Pattern Recognition},
	Date-Added = {2013-12-06 17:47:56 +0000},
	Date-Modified = {2013-12-06 17:47:56 +0000},
	Title = {Names and Faces in the News},
	Volume = {2},
	Year = {2004}}

@conference{berg2005sp,
	Author = {Berg, T.L. and Berg, A.C. and Edwards, J. and Forsyth, DA},
	Booktitle = {Advances in Neural Information Processing Systems 17: Proceedings Of The 2004 Conference},
	Date-Added = {2013-12-06 17:47:56 +0000},
	Date-Modified = {2013-12-06 17:47:56 +0000},
	Organization = {MIT Press},
	Title = {Who's in the Picture?},
	Year = {2005}}

@article{felzenszwalb2005pso,
	Author = {Felzenszwalb, P.F. and Huttenlocher, D.P.},
	Date-Added = {2013-12-06 17:47:56 +0000},
	Date-Modified = {2013-12-06 17:47:56 +0000},
	Journal = {International Journal of Computer Vision},
	Number = {1},
	Pages = {55--79},
	Publisher = {Springer},
	Title = {Pictorial Structures for Object Recognition},
	Volume = {61},
	Year = {2005}}

@article{HolubMoreelsPeronaFG08,
	Author = {A.D. Holub, P. Moreels, P. Perona},
	Date-Added = {2013-12-06 17:47:56 +0000},
	Date-Modified = {2013-12-06 17:47:56 +0000},
	Journal = {8th IEEE Int'l Conference on Automatic Face and Gesture Recognition},
	Title = {Unsupervised Clustering for Google Searches of Celebrity Images},
	Year = {2008}}

@inproceedings{feifeicvpr07,
	Author = {L.-J. Li and G. Wang and L. Fei-Fei},
	Booktitle = cvpr,
	Date-Added = {2013-12-06 17:47:56 +0000},
	Date-Modified = {2013-12-06 17:47:56 +0000},
	Title = {{OPTIMOL}: automatic object Picture collecTion via Incremental MOdel Learning},
	Year = 2007}

@article{berg2006aw,
	Author = {Berg, TL and Forsyth, DA},
	Date-Added = {2013-12-06 17:47:56 +0000},
	Date-Modified = {2013-12-06 17:47:56 +0000},
	Journal = {Proc. IEEE Conf. on Computer Vision and Pattern Recognition},
	Title = {{Animals on the Web}},
	Volume = {2},
	Year = {2006}}

@article{andozhang05,
	Author = {R. K. Ando and T. Zhang},
	Date-Added = {2013-12-06 17:47:56 +0000},
	Date-Modified = {2013-12-06 17:47:56 +0000},
	Journal = {Journal of Machine Learning Research},
	Title = {A framework for learning predictive structures from multiple tasks and unlabeled data},
	Volume = 6,
	Year = 2005}

@inproceedings{quattonicvpr07,
	Author = {Ariadna Quattoni, Micheal Collins, trevor darrell},
	Booktitle = {Proc. CVPR 2007},
	Date-Added = {2013-12-06 17:47:56 +0000},
	Date-Modified = {2013-12-06 17:47:56 +0000},
	Month = {June},
	Organization = {IEEE CS Press},
	Title = {Learning Visual Representations using Images with Captions},
	Url = {http://www.truststc.org/pubs/276.html},
	Year = {2007},
	Bdsk-Url-1 = {http://www.truststc.org/pubs/276.html}}

@article{bohm2001shd,
	Author = {B{\"o}hm, C. and Berchtold, S. and Keim, D.A.},
	Date-Added = {2013-12-06 17:47:56 +0000},
	Date-Modified = {2013-12-06 17:47:56 +0000},
	Journal = {ACM Computing Surveys (CSUR)},
	Number = {3},
	Pages = {322--373},
	Publisher = {ACM Press New York, NY, USA},
	Title = {{Searching in high-dimensional spaces: Index structures for improving the performance of multimedia databases}},
	Volume = {33},
	Year = {2001}}

@article{zhou2003rfi,
	Author = {Zhou, X.S. and Huang, T.S.},
	Date-Added = {2013-12-06 17:47:56 +0000},
	Date-Modified = {2013-12-06 17:47:56 +0000},
	Journal = {Multimedia Systems},
	Number = {6},
	Pages = {536--544},
	Publisher = {Springer},
	Title = {{Relevance feedback in image retrieval: A comprehensive review}},
	Volume = {8},
	Year = {2003}}

@article{datta2007iri,
	Author = {Datta, R. and Joshi, D. and Li, J. and Wang, J.Z.},
	Date-Added = {2013-12-06 17:47:56 +0000},
	Date-Modified = {2013-12-06 17:47:56 +0000},
	Journal = {ACM Computing Surveys},
	Pages = {65},
	Title = {{Image Retrieval: Ideas, Influences, and Trends of the New Age}},
	Volume = {39},
	Year = {2007}}

@article{smeulders2000cbi,
	Author = {Smeulders, AWM and Worring, M. and Santini, S. and Gupta, A. and Jain, R.},
	Date-Added = {2013-12-06 17:47:56 +0000},
	Date-Modified = {2013-12-06 17:47:56 +0000},
	Journal = {Pattern Analysis and Machine Intelligence, IEEE Transactions on},
	Number = {12},
	Pages = {1349--1380},
	Title = {{Content-based image retrieval at the end of the early years}},
	Volume = {22},
	Year = {2000}}

@article{vishwanathan2006atc,
	Author = {Vishwanathan, SVN and Schraudolph, N.N. and Schmidt, M.W. and Murphy, K.P.},
	Date-Added = {2013-12-06 17:47:56 +0000},
	Date-Modified = {2013-12-06 17:47:56 +0000},
	Journal = {Proceedings of the 23rd international conference on Machine learning},
	Pages = {969--976},
	Publisher = {ACM Press New York, NY, USA},
	Title = {{Accelerated training of conditional random fields with stochastic gradient methods}},
	Year = {2006}}

@article{lafferty2004kcr,
	Author = {Lafferty, J. and Zhu, X. and Liu, Y.},
	Date-Added = {2013-12-06 17:47:56 +0000},
	Date-Modified = {2013-12-06 17:47:56 +0000},
	Journal = {ACM International Conference Proceeding Series},
	Publisher = {ACM Press New York, NY, USA},
	Title = {{Kernel conditional random fields: representation and clique selection}},
	Year = {2004}}

@article{lafferty2001crf,
	Author = {Lafferty, J. and McCallum, A. and Pereira, F.},
	Date-Added = {2013-12-06 17:47:56 +0000},
	Date-Modified = {2013-12-06 17:47:56 +0000},
	Journal = {Proc. 18th International Conf. on Machine Learning},
	Pages = {282--289},
	Title = {{Conditional random fields: Probabilistic models for segmenting and labeling sequence data}},
	Year = {2001}}

@article{yanover2007mal,
	Author = {Yanover, C. and Schueler-Furman, O. and Weiss, Y.},
	Date-Added = {2013-12-06 17:47:56 +0000},
	Date-Modified = {2013-12-06 17:47:56 +0000},
	Journal = {Proc. of the 7th Ann. Intl. Conf. on Research in Comput. Biol.(RECOMB)},
	Pages = {381--395},
	Publisher = {Springer},
	Title = {{Minimizing and Learning Energy Functions for Side-Chain Prediction}},
	Year = {2007}}

@article{frey2007cpm,
	Author = {Frey, B.J. and Dueck, D.},
	Date-Added = {2013-12-06 17:47:56 +0000},
	Date-Modified = {2013-12-06 17:47:56 +0000},
	Journal = {Science},
	Number = {5814},
	Pages = {972},
	Publisher = {AAAS},
	Title = {{Clustering by Passing Messages Between Data Points}},
	Volume = {315},
	Year = {2007}}

@article{zhao2003frl,
	Author = {Zhao, W. and Chellappa, R. and Phillips, P.J. and Rosenfeld, A.},
	Date-Added = {2013-12-06 17:47:56 +0000},
	Date-Modified = {2013-12-06 17:47:56 +0000},
	Journal = {ACM Computing Surveys},
	Number = {4},
	Pages = {399--458},
	Title = {{Face Recognition: A Literature Survey}},
	Volume = {35},
	Year = {2003}}

@article{naaman2004aod,
	Author = {Naaman, M. and Song, YJ and Paepcke, A. and Garcia-Molina, H.},
	Date-Added = {2013-12-06 17:47:56 +0000},
	Date-Modified = {2013-12-06 17:47:56 +0000},
	Journal = {Digital Libraries, 2004. Proceedings of the 2004 Joint ACM/IEEE Conference on},
	Pages = {53--62},
	Title = {{Automatic organization for digital photographs with geographic coordinates}},
	Year = {2004}}

@article{he2004mcr,
	Author = {He, X. and Zemel, RS and Carreira-Perpinan, MA},
	Date-Added = {2013-12-06 17:47:56 +0000},
	Date-Modified = {2013-12-06 17:47:56 +0000},
	Journal = {Proc IEEE Conf. on Computer Vision and Pattern Recognition},
	Title = {{Multiscale conditional random fields for image labeling}},
	Year = {2004}}

@article{sutton2007icr,
	Author = {Sutton, C. and McCallum, A.},
	Date-Added = {2013-12-06 17:47:56 +0000},
	Date-Modified = {2013-12-06 17:47:56 +0000},
	Journal = {Introduction to Statistical Relational Learning},
	Publisher = {Mit Press},
	Title = {{4 An Introduction to Conditional Random Fields for Relational Learning}},
	Year = {2007}}

@article{ames2007wtm,
	Author = {Ames, M. and Naaman, M.},
	Date-Added = {2013-12-06 17:47:56 +0000},
	Date-Modified = {2013-12-06 17:47:56 +0000},
	Journal = {Proceedings of the SIGCHI conference on Human factors in computing systems},
	Pages = {971--980},
	Publisher = {ACM Press New York, NY, USA},
	Title = {{Why we tag: motivations for annotation in mobile and online media}},
	Year = {2007}}

@article{miller2004fan,
	Author = {Berg, T.L. and Berg, A.C. and Edwards, J. and Maire, M. and White, R. and Teh, Y.W. and Learned-Miller, E. and Forsyth, D.A.},
	Date-Added = {2013-12-06 17:47:56 +0000},
	Date-Modified = {2013-12-06 17:47:56 +0000},
	Journal = {Proc IEEE Conf. on Computer Vision and Pattern Recognition},
	Title = {{Names and Faces in the News}},
	Year = {2004}}

@article{gallagher2007ugp,
	Author = {Gallagher, A.C. and Pittsburgh, P. and Chen, T.},
	Date-Added = {2013-12-06 17:47:56 +0000},
	Date-Modified = {2013-12-06 17:47:56 +0000},
	Journal = {Computer Vision and Pattern Recognition, 2007. CVPR'07. IEEE Conference on},
	Pages = {1--8},
	Title = {{Using Group Prior to Identify People in Consumer Images}},
	Year = {2007}}

@article{vonahn2007hc,
	Author = {von Ahn, L.},
	Date-Added = {2013-12-06 17:47:56 +0000},
	Date-Modified = {2013-12-06 17:47:56 +0000},
	Journal = {Proceedings of the 4th international conference on Knowledge capture},
	Pages = {5--6},
	Publisher = {ACM New York, NY, USA},
	Title = {{Human computation}},
	Year = {2007}}

@url{flickr.com,
	Date-Added = {2013-12-06 17:47:56 +0000},
	Date-Modified = {2013-12-06 17:47:56 +0000},
	Title = {Flickr Photo Sharing},
	Url = {http://flickr.com/},
	Bdsk-Url-1 = {http://flickr.com/}}

@url{facebookblog,
	Date-Added = {2013-12-06 17:47:56 +0000},
	Date-Modified = {2013-12-06 17:47:56 +0000},
	Title = {The Facebook Blog},
	Url = {http://blog.facebook.com/blog.php?post=2406207130},
	Bdsk-Url-1 = {http://blog.facebook.com/blog.php?post=2406207130}}

@url{facebookstats,
	Date-Added = {2013-12-06 17:47:56 +0000},
	Date-Modified = {2013-12-06 17:47:56 +0000},
	Title = {Facebook Statistics},
	Url = {http://www.facebook.com/press/info.php?statistics},
	Bdsk-Url-1 = {http://www.facebook.com/press/info.php?statistics}}

@url{riyablog,
	Author = {Shah, M.},
	Date-Added = {2013-12-06 17:47:56 +0000},
	Date-Modified = {2013-12-06 17:47:56 +0000},
	Title = {Recognizing Deven: Episode 5},
	Url = {http://munjal.typepad.com/recognizing_deven/2006/06/episode_5_april.html},
	Bdsk-Url-1 = {http://munjal.typepad.com/recognizing_deven/2006/06/episode_5_april.html}}

@url{like.com,
	Date-Added = {2013-12-06 17:47:56 +0000},
	Date-Modified = {2013-12-06 17:47:56 +0000},
	Title = {Like Visual Search},
	Url = {http://www.like.com/},
	Bdsk-Url-1 = {http://www.like.com/}}

@url{riya.com,
	Date-Added = {2013-12-06 17:47:56 +0000},
	Date-Modified = {2013-12-06 17:47:56 +0000},
	Title = {Riya Visual Search},
	Url = {http://riya.com/},
	Bdsk-Url-1 = {http://riya.com/}}

@article{anguelov2007cir,
	Author = {Anguelov, D. and Lee, K. and Gokturk, S.B. and Sumengen, B.},
	Date-Added = {2013-12-06 17:47:56 +0000},
	Date-Modified = {2013-12-06 17:47:56 +0000},
	Journal = {Computer Vision and Pattern Recognition, 2007. CVPR'07. IEEE Conference on},
	Pages = {1--7},
	Title = {{Contextual Identity Recognition in Personal Photo Albums}},
	Year = {2007}}

@techreport{caltech256,
	Author = {G. Griffin and A. Holub and P. Perona},
	Date-Added = {2013-12-06 17:47:56 +0000},
	Date-Modified = {2013-12-06 17:47:56 +0000},
	Institution = {California Institute of Technology},
	Number = {7694},
	Title = {Caltech-256 Object Category Dataset},
	Url = {http://authors.library.caltech.edu/7694},
	Year = {2007},
	Bdsk-Url-1 = {http://authors.library.caltech.edu/7694}}

@inproceedings{joy-distance-learning,
	Address = {Piscataway, NJ, USA},
	Author = {Y. Joshi and J. K. Sircar and A. Bar-Cohen and K. J. Geisler and S. Bhavnani and P. Pradeepkumar and J. Barnes},
	Booktitle = {Proc. {IEEE} Electronic Components and Technology Conf.},
	Date-Added = {2013-12-06 17:47:56 +0000},
	Date-Modified = {2013-12-06 17:47:56 +0000},
	Title = {Distance Learning in Thermal Design of Electronic Systems---The {IEEE}/{NSF} Project},
	Year = 2000}

@inproceedings{joy-education,
	Address = {Banff, Canada},
	Author = {J. E. Jorgensen and T. M. Regan},
	Booktitle = {New Approaches to Undergraduate Engineering Education {III}, Proc. Engineering Foundation Conf.},
	Date-Added = {2013-12-06 17:47:56 +0000},
	Date-Modified = {2013-12-06 17:47:56 +0000},
	Month = {August},
	Title = {An Overview of the {NSF} Sponsored {ECSEL} Coalition},
	Year = 1991}

@misc{PASCAL,
	Date-Added = {2013-12-06 17:47:56 +0000},
	Date-Modified = {2013-12-06 17:47:56 +0000},
	Howpublished = {\url{http://www.pascal-network.org/challenges/VOC/}},
	Key = {PASCAL},
	Title = {The {PASCAL} Visual Object Classes Homepage}}

@misc{opencv,
	Date-Added = {2013-12-06 17:47:56 +0000},
	Date-Modified = {2013-12-06 17:47:56 +0000},
	Howpublished = {\url{http://www.intel.com/research/mrl/research/opencv/}},
	Key = {opencv},
	Title = {Open source computer vision library}}

@misc{googleimages,
	Date-Added = {2013-12-06 17:47:56 +0000},
	Date-Modified = {2013-12-06 17:47:56 +0000},
	Howpublished = {\url{http://images.google.com}},
	Key = {googleimages},
	Title = {Google Image Search}}

@misc{flickr,
	Date-Added = {2013-12-06 17:47:56 +0000},
	Date-Modified = {2013-12-06 17:47:56 +0000},
	Howpublished = {\url{http://www.flickr.com}},
	Key = {flickr},
	Title = {Open source computer vision library}}

@inproceedings{Bosch06,
	Author = {Bosch, A. and Zisserman, A. and Munoz, X.},
	Booktitle = eccv,
	Date-Added = {2013-12-06 17:47:56 +0000},
	Date-Modified = {2013-12-06 17:47:56 +0000},
	Pages = {517--530},
	Title = {Scene Classification via p{LSA}},
	Volume = 4,
	Year = {2006}}

@inproceedings{AgRo02,
	Author = {Agarwal, S. and Roth, D.},
	Booktitle = eccv,
	Date-Added = {2013-12-06 17:47:56 +0000},
	Date-Modified = {2013-12-06 17:47:56 +0000},
	Pages = {113--130},
	Title = {Learning a sparse representation for object detection},
	Volume = {4},
	Year = {2002}}

@inproceedings{norb,
	Author = {Y. LeCun and F. J. Huang and L. Bottou},
	Booktitle = cvpr,
	Date-Added = {2013-12-06 17:47:56 +0000},
	Date-Modified = {2013-12-06 17:47:56 +0000},
	Pages = {97--104},
	Title = {Learning Methods for Generic Object Recognition with Invariance to Pose and Lighting},
	Volume = 2,
	Year = 2004}

@article{GeusebroekIJCV05a,
	Author = {J. M. Geusebroek and G. J. Burghouts and A. W. M. Smeulders},
	Date-Added = {2013-12-06 17:47:56 +0000},
	Date-Modified = {2013-12-06 17:47:56 +0000},
	Journal = ijcv,
	Number = {1},
	Pages = {103--112},
	Title = {The {Amsterdam} Library of Object Images},
	Volume = {61},
	Year = {2005}}

@article{10.1109/CVPR.2004.183,
	Author = {Yan Ke and Rahul Sukthankar},
	Date-Added = {2013-12-06 17:47:56 +0000},
	Date-Modified = {2013-12-06 17:47:56 +0000},
	Journal = {cvpr},
	Pages = {506-513},
	Title = {PCA-SIFT: A More Distinctive Representation for Local Image Descriptors},
	Volume = {02},
	Year = {2004}}

@inproceedings{JuTr05,
	Author = {F. Jurie and B. Triggs},
	Booktitle = iccv,
	Date-Added = {2013-12-06 17:47:56 +0000},
	Date-Modified = {2013-12-06 17:47:56 +0000},
	Pages = {604--610},
	Title = {Creating efficient codebooks for visual recognition},
	Volume = 1,
	Year = 2005}

@inproceedings{FePe05,
	Author = {L. Fei-Fei and P. Perona},
	Booktitle = {cvpr},
	Date-Added = {2013-12-06 17:47:56 +0000},
	Date-Modified = {2013-12-06 17:47:56 +0000},
	Title = {A Bayesian Hierarchical Model for Learning Natural Scene Categories},
	Year = 2005}

@article{BaMaFuCo02,
	Author = {Kobus Barnard and Lindsay Martin and Brian Funt and Adam Coath},
	Date-Added = {2013-12-06 17:47:56 +0000},
	Date-Modified = {2013-12-06 17:47:56 +0000},
	Journal = {Color Research and Application},
	Number = 3,
	Pages = {147--151},
	Title = {A Data Set for Colour Research},
	Volume = 27,
	Year = 2002}

@article{GeBeKr01,
	Author = {Athinodoros Georghiades and Peter Belhumeur and David Kriegman},
	Date-Added = {2013-12-06 17:47:56 +0000},
	Date-Modified = {2013-12-06 17:47:56 +0000},
	Journal = pami,
	Title = {From Few to Many: Illumination Cone Models for Face Recognition under Variable Lighting and Pose},
	Year = 2001}

@article{MuNa95,
	Author = {H. Murase and S. Nayar},
	Date-Added = {2013-12-06 17:47:56 +0000},
	Date-Modified = {2013-12-06 17:47:56 +0000},
	Journal = ijcv,
	Number = 1,
	Pages = {5--24},
	Title = {Visual Learning and Recognition of 3{D} objects from appearance},
	Volume = 14,
	Year = 1995}

@article{CAVE_0060,
	Author = {K.J. Dana and B. Van-Ginneken and S.K. Nayar and J.J. Koenderink},
	Date-Added = {2013-12-06 17:47:56 +0000},
	Date-Modified = {2013-12-06 17:47:56 +0000},
	Journal = {ACM Transactions on Graphics (TOG)},
	Month = {Jan},
	Number = {1},
	Pages = {1--34},
	Title = {{R}eflectance and {T}exture of {R}eal {W}orld {S}urfaces},
	Volume = {18},
	Year = {1999}}

@inproceedings{vonAhn06a,
	Author = {Luis von Ahn},
	Booktitle = {{IEEE} Computer Magazine},
	Date-Added = {2013-12-06 17:47:56 +0000},
	Date-Modified = {2013-12-06 17:47:56 +0000},
	Month = {June},
	Pages = {96--98},
	Title = {Games With A Purpose},
	Year = 2006}

@inproceedings{vonAhn06b,
	Author = {Luis von Ahn and Ruoran Liu and Manuel Blum},
	Booktitle = {Proc. {ACM} Conf. on Human Factors in Computing Systems},
	Date-Added = {2013-12-06 17:47:56 +0000},
	Date-Modified = {2013-12-06 17:47:56 +0000},
	Title = {Peekaboom: A Game for Locating Objects in Images},
	Year = 2006}

@inproceedings{vonAhn04,
	Author = {Luis von Ahn and Laura Dabbish},
	Booktitle = {Proc. {ACM} Conference on Human Factors in Computing Systems},
	Date-Added = {2013-12-06 17:47:56 +0000},
	Date-Modified = {2013-12-06 17:47:56 +0000},
	Pages = {319-326},
	Title = {Labeling Images with a Computer Game},
	Year = 2004}

@inproceedings{LiMa02,
	Author = {Rainer Lienhart and Jochen Maydt},
	Booktitle = icip,
	Date-Added = {2013-12-06 17:47:56 +0000},
	Date-Modified = {2013-12-06 17:47:56 +0000},
	Pages = {900--903},
	Title = {An Extended Set of Haar-like Features for Rapid Object Detection},
	Volume = 1,
	Year = 2002}

@inproceedings{ViJo01,
	Author = {Paul A. Viola and Michael J. Jones},
	Booktitle = {CVPR (1)},
	Date-Added = {2013-12-06 17:47:56 +0000},
	Date-Modified = {2013-12-06 17:47:56 +0000},
	Pages = {511-518},
	Title = {Rapid Object Detection using a Boosted Cascade of Simple Features.},
	Year = {2001}}

@article{survey-clustering,
	Author = {Xu, R. and Wunsch, D.},
	Date-Added = {2013-12-06 17:47:56 +0000},
	Date-Modified = {2013-12-06 17:47:56 +0000},
	Journal = {IEEE Transactions on Neural Networks},
	Number = {3},
	Pages = {645-678},
	Title = {Survey of Clustering Algorithms},
	Volume = {16},
	Year = {2005}}

@article{expected-complexity,
	Author = {Murtagh, F.},
	Date-Added = {2013-12-06 17:47:56 +0000},
	Date-Modified = {2013-12-06 17:47:56 +0000},
	Journal = {Information Processing Letters},
	Pages = {237-241},
	Title = {Expected-Time Complexity Results for Hierarchic Clustering Algorithms Which Use Cluster Centres},
	Volume = {16},
	Year = {1983}}

@misc{relative-clustering,
	Author = {Ram{\'o}n A. Mollineda and Enrique Vidal},
	Date-Added = {2013-12-06 17:47:56 +0000},
	Date-Modified = {2013-12-06 17:47:56 +0000},
	Title = {A Relative Approach To Hierarchical Clustering},
	Url = {citeseer.ist.psu.edu/mollineda00relative.html},
	Year = {2000},
	Bdsk-Url-1 = {citeseer.ist.psu.edu/mollineda00relative.html}}

@inproceedings{Belongie06,
	Author = {Nadav Ben-Haim and Boris Babenko and Serge Belongie},
	Booktitle = {Proc. Int. Workshop on Semantic Learning Applications in Multimedia ({SLAM})},
	Date-Added = {2013-12-06 17:47:56 +0000},
	Date-Modified = {2013-12-06 17:47:56 +0000},
	Title = {Improving Web-based Image Search via Content Based Clustering},
	Year = 2006}

@inproceedings{Lowe99,
	Author = {Lowe, D.G},
	Booktitle = iccv,
	Date-Added = {2013-12-06 17:47:56 +0000},
	Date-Modified = {2013-12-06 17:47:56 +0000},
	Pages = {1150--1157},
	Title = {Object Recognition from local scale-invariant features},
	Year = 1999}

@article{Lowe04,
	Author = {Lowe, D.G.},
	Date-Added = {2013-12-06 17:47:56 +0000},
	Date-Modified = {2013-12-06 17:47:56 +0000},
	Journal = ijcv,
	Number = 2,
	Pages = {91--110},
	Title = {Distinctive Image Features from Scale-Invariant Keypoints},
	Volume = 60,
	Year = 2004}

@inproceedings{MiSc03,
	Author = {Mikolajczyk, K. and Schmid, C.},
	Booktitle = cvpr,
	Date-Added = {2013-12-06 17:47:56 +0000},
	Date-Modified = {2013-12-06 17:47:56 +0000},
	Pages = {257--263},
	Title = {A performance evaluation of local descriptors},
	Volume = 2,
	Year = 2003}

@article{MiSc04,
	Author = {Mikolajczyk, K. and Schmid, C.},
	Date-Added = {2013-12-06 17:47:56 +0000},
	Date-Modified = {2013-12-06 17:47:56 +0000},
	Journal = ijcv,
	Number = 1,
	Pages = {63--86},
	Title = {Scale and Affine Invariant Interest Point Detectors},
	Volume = 60,
	Year = 2004}

@inproceedings{MaChUrPa02,
	Author = {Matas, J. and Chum, O. and Urban, M. and Pajdla, T.},
	Booktitle = bmcv,
	Date-Added = {2013-12-06 17:47:56 +0000},
	Date-Modified = {2013-12-06 17:47:56 +0000},
	Month = {september},
	Pages = {384--393},
	Title = {Robust Wide Baseline Stereo from Maximally Stable Extremal Regions},
	Year = 2002}

@article{TuVaG04,
	Author = {T. Tuytelaars and L. {Van Gool}},
	Date-Added = {2013-12-06 17:47:56 +0000},
	Date-Modified = {2013-12-06 17:47:56 +0000},
	Journal = ijcv,
	Number = 1,
	Pages = {61--85},
	Title = {Matching Widely Separated Views Based on Affine Invariant Regions},
	Volume = 59,
	Year = 2004}

@article{MiEtal05,
	Author = {K. Mikolajczyk and T. Tuytelaars and C. Schmid and A. Zisserman and J. Matas and F. Schaffalitzky and T. Kadir and L. {Van Gool}},
	Date-Added = {2013-12-06 17:47:56 +0000},
	Date-Modified = {2013-12-06 17:47:56 +0000},
	Journal = ijcv,
	Number = {1/2},
	Pages = {43--72},
	Title = {A Comparison of Affine Region Detectors},
	Volume = 65,
	Year = 2005}

@inproceedings{CaEtal97,
	Author = {Carson, C. and Belongie, S. and Greenspan, H. and Malik, J},
	Booktitle = {Proc. {IEEEW}. on Content-Based Access of Image and Video Libraries},
	Date-Added = {2013-12-06 17:47:56 +0000},
	Date-Modified = {2013-12-06 17:47:56 +0000},
	Pages = {42--49},
	Title = {Region-based image querying},
	Year = 1997}

@inproceedings{CaEtal99,
	Author = {Carson, C. and Thomas, M. and Belongie, S. and Hellerstein and J.M. and Malik, J.},
	Booktitle = {Third Int. Conf. on Visual Information Systems},
	Date-Added = {2013-12-06 17:47:56 +0000},
	Date-Modified = {2013-12-06 17:47:56 +0000},
	Title = {Blobworld: A system for region-based image indexing and retrieval},
	Year = 1999}

@incollection{BaTa78,
	Author = {H. G. Barrow and J. M. Tannenbaum},
	Booktitle = {Computer Vision Systems},
	Date-Added = {2013-12-06 17:47:56 +0000},
	Date-Modified = {2013-12-06 17:47:56 +0000},
	Editor = {A. Hanson and E. Riseman},
	Pages = {3--26},
	Publisher = {Academic Press},
	Title = {Recovering intrinsic scene characteristics from images},
	Year = 1978}

@book{Marr82,
	Author = {D. Marr},
	Date-Added = {2013-12-06 17:47:56 +0000},
	Date-Modified = {2013-12-06 17:47:56 +0000},
	Publisher = {{WH} Freeman},
	Title = {Vision},
	Year = 1982}

@article{Opelt06,
	Author = {Opelt, A. and Pinz, A. and Fussenegger, M. and Auer, P.},
	Date-Added = {2013-12-06 17:47:56 +0000},
	Date-Modified = {2013-12-06 17:47:56 +0000},
	Journal = pami,
	Number = 3,
	Pages = {416--431},
	Title = {Generic object recognition with boosting},
	Volume = 28,
	Year = {2006}}

@inproceedings{Torralba03b,
	Author = {A. Torralba and K. P. Murphy and W. T. Freeman and M. A. Rubin},
	Booktitle = iccv,
	Date-Added = {2013-12-06 17:47:56 +0000},
	Date-Modified = {2013-12-06 17:47:56 +0000},
	Title = {Context-based vision system for place and object recognition},
	Year = 2003}

@article{Torralba03,
	Author = {Antonio Torralba},
	Date-Added = {2013-12-06 17:47:56 +0000},
	Date-Modified = {2013-12-06 17:47:56 +0000},
	Journal = ijcv,
	Number = 2,
	Pages = {169--191},
	Title = {Contextual Priming for Object Detection},
	Volume = 53,
	Year = 2003}

@article{HeHo99,
	Author = {Henderson, J.M. and Hollingworth, A.},
	Date-Added = {2013-12-06 17:47:56 +0000},
	Date-Modified = {2013-12-06 17:47:56 +0000},
	Journal = {Annual Review of Psychology},
	Pages = {243--271},
	Title = {High level scene perception},
	Volume = 50,
	Year = 1999}

@article{Friedman79,
	Author = {Friedman, A.},
	Date-Added = {2013-12-06 17:47:56 +0000},
	Date-Modified = {2013-12-06 17:47:56 +0000},
	Journal = {Journal of Experimental Psychology: General},
	Pages = {316--355},
	Title = {Framing pictures: The role of knowledge in automatized encoding and memory for gist},
	Volume = 108,
	Year = 1979}

@article{Bar04,
	Author = {M. Bar},
	Date-Added = {2013-12-06 17:47:56 +0000},
	Date-Modified = {2013-12-06 17:47:56 +0000},
	Journal = {Nature Reviews Neuroscience},
	Number = 8,
	Pages = {617--629},
	Title = {Visual objects in context},
	Volume = 5,
	Year = 2004}

@inproceedings{LaScPo06,
	Author = {S. Lazebnik and C. Schmid and J. Ponce},
	Booktitle = cvpr,
	Date-Added = {2013-12-06 17:47:56 +0000},
	Date-Modified = {2013-12-06 17:47:56 +0000},
	Title = {Beyond Bags of Features: Spatial Pyramid Matching for Recognizing Natural Scene Categories},
	Year = 2006}

@inproceedings{wang-etal06,
	Author = {G. Wang and Y. Zhang and L. Fei-Fei},
	Booktitle = {CVPR},
	Date-Added = {2013-12-06 17:47:56 +0000},
	Date-Modified = {2013-12-06 17:47:56 +0000},
	Title = {Using dependent regions for object categorization in a generative framework},
	Year = {2006}}

@inproceedings{mutchlowe-06,
	Author = {Jim Mutch and David Lowe},
	Booktitle = {CVPR},
	Date-Added = {2013-12-06 17:47:56 +0000},
	Date-Modified = {2013-12-06 17:47:56 +0000},
	Title = {Multiclass Object Recognition Using Sparse, Localized Features},
	Year = {2006}}

@inproceedings{berg-etal05,
	Author = {Alexander C. Berg and Tamara L. Berg and Jitendra Malik},
	Booktitle = {CVPR},
	Date-Added = {2013-12-06 17:47:56 +0000},
	Date-Modified = {2013-12-06 17:47:56 +0000},
	Title = {Shape Matching and Object Recognition using Low Distortion Correspondence},
	Year = {2005}}

@inproceedings{holub-etal05,
	Author = {Alex D Holub and Max Welling and Pietro Perona},
	Booktitle = {ICCV},
	Date-Added = {2013-12-06 17:47:56 +0000},
	Date-Modified = {2013-12-06 17:47:56 +0000},
	Title = {Combining Generative Models and Fisher Kernels for Object Recognition},
	Year = {2005}}

@inproceedings{serre-etal05,
	Author = {T. Serre and L. Wolf and T. Poggio},
	Booktitle = {CVPR},
	Date-Added = {2013-12-06 17:47:56 +0000},
	Date-Modified = {2013-12-06 17:47:56 +0000},
	Title = {object recognition with features inspired by visual cortex},
	Year = {2005}}

@inproceedings{HoWePe05,
	Author = {Holub, A. D. and Welling, M. and Perona, P.},
	Booktitle = iccv,
	Date-Added = {2013-12-06 17:47:56 +0000},
	Date-Modified = {2013-12-06 17:47:56 +0000},
	Title = {Combining Generative Models and Fisher Kernels for Object Class Recognition},
	Year = 2005}

@inproceedings{caltech101,
	Author = {L. Fei-Fei and R. Fergus and Pietro Perona},
	Booktitle = {{IEEE} {CVPR} Workshop of Generative Model Based Vision ({WGMBV})},
	Date-Added = {2013-12-06 17:47:56 +0000},
	Date-Modified = {2013-12-06 17:47:56 +0000},
	Title = {Learning Generative Visual Models From Few Training Examples: An Incremental Bayesian Approach Tested on 101 Object Categories},
	Year = {2004}}

@inproceedings{Torralba04,
	Author = {Torralba, A. and Murphy, K.~P. and Freeman, W.~T.},
	Booktitle = cvpr,
	Date-Added = {2013-12-06 17:47:56 +0000},
	Date-Modified = {2013-12-06 17:47:56 +0000},
	Pages = {762--769},
	Title = {Sharing features: efficient boosting procedures for multiclass object detection},
	Volume = {2},
	Year = {2004}}

@techreport{labelme,
	Author = {B. C. Russell and A. Torralba and K. P. Murphy and W. T. Freeman},
	Date-Added = {2013-12-06 17:47:56 +0000},
	Date-Modified = {2013-12-06 17:47:56 +0000},
	Institution = {Massachusetts Institute of Technology},
	Month = {september},
	Number = {AIM-2005-025},
	Title = {Label{M}e: a database and web-based tool for image annotation},
	Year = 2005}

@inproceedings{10.1109/CVPR.2006.176,
	Address = {Los Alamitos, CA, USA},
	Author = {Andrea Vedaldi and Stefano Soatto},
	Booktitle = cvpr,
	Date-Added = {2013-12-06 17:47:56 +0000},
	Date-Modified = {2013-12-06 17:47:56 +0000},
	Doi = {http://doi.ieeecomputersociety.org/10.1109/CVPR.2006.176},
	Issn = {1063-6919},
	Pages = {1753-1760},
	Publisher = {IEEE Computer Society},
	Title = {Local Features, All Grown Up},
	Volume = {2},
	Year = {2006},
	Bdsk-Url-1 = {http://doi.ieeecomputersociety.org/10.1109/CVPR.2006.176}}

@inproceedings{10.1109/CVPR.2006.264,
	Address = {Los Alamitos, CA, USA},
	Author = {David Nister and Henrik Stewenius},
	Booktitle = cvpr,
	Date-Added = {2013-12-06 17:47:56 +0000},
	Date-Modified = {2013-12-06 17:47:56 +0000},
	Doi = {http://doi.ieeecomputersociety.org/10.1109/CVPR.2006.264},
	Issn = {1063-6919},
	Pages = {2161-2168},
	Publisher = {IEEE Computer Society},
	Title = {Scalable Recognition with a Vocabulary Tree},
	Volume = {2},
	Year = {2006},
	Bdsk-Url-1 = {http://doi.ieeecomputersociety.org/10.1109/CVPR.2006.264}}

@inproceedings{10.1109/CVPR.2006.86,
	Address = {Los Alamitos, CA, USA},
	Author = {Ya Jin and Stuart Geman},
	Booktitle = cvpr,
	Date-Added = {2013-12-06 17:47:56 +0000},
	Date-Modified = {2013-12-06 17:47:56 +0000},
	Doi = {http://doi.ieeecomputersociety.org/10.1109/CVPR.2006.86},
	Issn = {1063-6919},
	Pages = {2145-2152},
	Publisher = {IEEE Computer Society},
	Title = {Context and Hierarchy in a Probabilistic Image Model},
	Volume = {2},
	Year = {2006},
	Bdsk-Url-1 = {http://doi.ieeecomputersociety.org/10.1109/CVPR.2006.86}}

@inproceedings{10.1109/CVPR.2006.220,
	Address = {Los Alamitos, CA, USA},
	Author = {Lior Wolf and Stan Bileschi and Ethan Meyers},
	Booktitle = cvpr,
	Date-Added = {2013-12-06 17:47:56 +0000},
	Date-Modified = {2013-12-06 17:47:56 +0000},
	Doi = {http://doi.ieeecomputersociety.org/10.1109/CVPR.2006.220},
	Issn = {1063-6919},
	Pages = {2153-2160},
	Publisher = {IEEE Computer Society},
	Title = {Perception Strategies in Hierarchical Vision Systems},
	Volume = {2},
	Year = {2006},
	Bdsk-Url-1 = {http://doi.ieeecomputersociety.org/10.1109/CVPR.2006.220}}

@inproceedings{10.1109/CVPR.2006.322,
	Address = {Los Alamitos, CA, USA},
	Author = {Kristen Grauman and Trevor Darrell},
	Booktitle = cvpr,
	Date-Added = {2013-12-06 17:47:56 +0000},
	Date-Modified = {2013-12-06 17:47:56 +0000},
	Doi = {http://doi.ieeecomputersociety.org/10.1109/CVPR.2006.322},
	Issn = {1063-6919},
	Pages = {19-25},
	Publisher = {IEEE Computer Society},
	Title = {Unsupervised Learning of Categories from Sets of Partially Matching Image Features},
	Volume = {1},
	Year = {2006},
	Bdsk-Url-1 = {http://doi.ieeecomputersociety.org/10.1109/CVPR.2006.322}}

@inproceedings{10.1109/CVPR.2006.200,
	Address = {Los Alamitos, CA, USA},
	Author = {Jim Mutch and David G. Lowe},
	Booktitle = cvpr,
	Date-Added = {2013-12-06 17:47:56 +0000},
	Date-Modified = {2013-12-06 17:47:56 +0000},
	Doi = {http://doi.ieeecomputersociety.org/10.1109/CVPR.2006.200},
	Issn = {1063-6919},
	Pages = {11-18},
	Publisher = {IEEE Computer Society},
	Title = {Multiclass Object Recognition with Sparse, Localized Features},
	Volume = {1},
	Year = {2006},
	Bdsk-Url-1 = {http://doi.ieeecomputersociety.org/10.1109/CVPR.2006.200}}

@inproceedings{10.1109/CVPR.2006.153,
	Address = {Los Alamitos, CA, USA},
	Author = {Andreas Opelt and Axel Pinz and Andrew Zisserman},
	Booktitle = cvpr,
	Date-Added = {2013-12-06 17:47:56 +0000},
	Date-Modified = {2013-12-06 17:47:56 +0000},
	Doi = {http://doi.ieeecomputersociety.org/10.1109/CVPR.2006.153},
	Issn = {1063-6919},
	Pages = {3-10},
	Publisher = {IEEE Computer Society},
	Title = {Incremental learning of object detectors using a visual shape alphabet},
	Volume = {1},
	Year = {2006},
	Bdsk-Url-1 = {http://doi.ieeecomputersociety.org/10.1109/CVPR.2006.153}}

@inproceedings{10.1109/CVPR.2006.202,
	Address = {Los Alamitos, CA, USA},
	Author = {Krystian Mikolajczyk and Bastian Leibe and Bernt Schiele},
	Booktitle = cvpr,
	Date-Added = {2013-12-06 17:47:56 +0000},
	Date-Modified = {2013-12-06 17:47:56 +0000},
	Doi = {http://doi.ieeecomputersociety.org/10.1109/CVPR.2006.202},
	Issn = {1063-6919},
	Pages = {26-36},
	Publisher = {IEEE Computer Society},
	Title = {Multiple Object Class Detection with a Generative Model},
	Volume = {1},
	Year = {2006},
	Bdsk-Url-1 = {http://doi.ieeecomputersociety.org/10.1109/CVPR.2006.202}}

@article{OlTo01,
	Author = {Aude Oliva and Antonio Torralba},
	Date-Added = {2013-12-06 17:47:56 +0000},
	Date-Modified = {2013-12-06 17:47:56 +0000},
	Journal = ijcv,
	Number = 3,
	Pages = {145--175},
	Title = {Modeling the Shape of a Scene: A holistic Representation of the Spatial Envelope},
	Volume = 42,
	Year = 2001}

@inproceedings{ObMa05,
	Author = {S. Obdrzalek and J. Matas},
	Booktitle = bmcv,
	Date-Added = {2013-12-06 17:47:56 +0000},
	Date-Modified = {2013-12-06 17:47:56 +0000},
	Title = {Sub-linear indexing for large scale object recognition},
	Year = 2005}

@inproceedings{LeLaFu05,
	Author = {V. Lepetit and P. Lagger and P. Fua},
	Booktitle = cvpr,
	Date-Added = {2013-12-06 17:47:56 +0000},
	Date-Modified = {2013-12-06 17:47:56 +0000},
	Title = {Randomized trees for realtime keypoint recognition},
	Year = 2005}

@inproceedings{SiZi03,
	Author = {J. Sivic and A. Zisserman},
	Booktitle = iccv,
	Date-Added = {2013-12-06 17:47:56 +0000},
	Date-Modified = {2013-12-06 17:47:56 +0000},
	Title = {Video {G}oogle: A text retrieval approach to object matching in videos},
	Year = 2003}

@book{BaRi99,
	Author = {R. Baeza-Yates and B. Ribeiro-Neto},
	Date-Added = {2013-12-06 17:47:56 +0000},
	Date-Modified = {2013-12-06 17:47:56 +0000},
	Isbn = {020139829},
	Publisher = {ACM Press},
	Title = {Modern Information Retrieval},
	Year = {1999}}

@inproceedings{BrPa98,
	Author = {S. Brin and L. Page},
	Booktitle = {Proc. 7th Int. WWW Conference},
	Date-Added = {2013-12-06 17:47:56 +0000},
	Date-Modified = {2013-12-06 17:47:56 +0000},
	Title = {The anatomy of a large-scale hypertextual web search engine},
	Year = {1998}}

@book{WiMoBe99,
	Author = {I. H. Witten and A. Moffat and and T. Bell},
	Date-Added = {2013-12-06 17:47:56 +0000},
	Date-Modified = {2013-12-06 17:47:56 +0000},
	Isbn = {1558605703},
	Publisher = {Morgan Kaufmann Publishers},
	Title = {Managing Gigabytes: Compressing and Indexing Documents and Images},
	Year = {1999}}

@inproceedings{linliufuh,
	Author = {Y. Y. Lin and T. Y. Liu and C. S. Fuh},
	Booktitle = {{C}{V}{P}{R}},
	Date-Added = {2013-12-06 17:47:52 +0000},
	Date-Modified = {2013-12-06 17:47:52 +0000},
	Title = {Local ensemble kern el learning for object category recognition},
	Year = {2007}}

@inproceedings{kumarSmin,
	Author = {A. Kumar and C. Sminchisescu},
	Booktitle = {{I}{C}{C}{V}},
	Date-Added = {2013-12-06 17:47:52 +0000},
	Date-Modified = {2013-12-06 17:47:52 +0000},
	Title = {Support kernel machines for object recognition},
	Year = {2007}}

@inproceedings{Bosch,
	Author = {A. Bosch and A. Zisserman and X. Munoz},
	Booktitle = {{C}{I}{V}{R}},
	Date-Added = {2013-12-06 17:47:52 +0000},
	Date-Modified = {2013-12-06 17:47:52 +0000},
	Title = {Representing shape with a spatial pyramid kernel},
	Year = {2007}}

@inproceedings{belongie,
	Author = {S. Belongie and J. Malik and J. Puzicha},
	Booktitle = {{I}{C}{C}{V}},
	Date-Added = {2013-12-06 17:47:52 +0000},
	Date-Modified = {2013-12-06 17:47:52 +0000},
	Title = {Matching Shapes},
	Year = {2001}}

@inproceedings{williamsnips06,
	Author = {Oliver Williams},
	Booktitle = {{N}{I}{P}{S}},
	Date-Added = {2013-12-06 17:47:52 +0000},
	Date-Modified = {2013-12-06 17:47:52 +0000},
	Title = {A Switched {G}aussian {P}rocess for Estimating Disparity and Segmentation in Binocular Stereo},
	Year = {2006}}

@inproceedings{raquel,
	Author = {R. Urtasun and D. J. Fleet and P. Fua},
	Booktitle = {{C}{V}{P}{R}},
	Date-Added = {2013-12-06 17:47:52 +0000},
	Date-Modified = {2013-12-06 17:47:52 +0000},
	Title = {{G}aussian {P}rocess Dynamical Models for 3D people tracking},
	Year = {2006}}

@inproceedings{Urtasun05b,
	Author = {R. Urtasun and D. J. Fleet and A. Hertzman and P. Fua},
	Booktitle = {{I}{C}{C}{V}},
	Date-Added = {2013-12-06 17:47:52 +0000},
	Date-Modified = {2013-12-06 17:47:52 +0000},
	Title = {Priors for People Tracking from Small Training Sets},
	Year = {2005}}

@inproceedings{gpLocal,
	Author = {R. Urtasun and T. Darrell},
	Booktitle = {{C}{V}{P}{R}},
	Date-Added = {2013-12-06 17:47:52 +0000},
	Date-Modified = {2013-12-06 17:47:52 +0000},
	Title = {Local Probabilistic Regression for Activity-Independent Human Pose Inference},
	Year = {2008}}

@inproceedings{tiansclaroff,
	Author = {Tian, T. and Li, R. and Sclaroff, S.},
	Booktitle = {CVPR Learning Workshop},
	Date-Added = {2013-12-06 17:47:52 +0000},
	Date-Modified = {2013-12-06 17:47:52 +0000},
	Title = {Articulated pose estimation in a learned smooth space of feasible solutions},
	Year = {2005}}

@inproceedings{holub,
	Author = {A. D. Holub and M. Welling and P. Perona},
	Booktitle = {{I}{C}{C}{V}},
	Date-Added = {2013-12-06 17:47:52 +0000},
	Date-Modified = {2013-12-06 17:47:52 +0000},
	Title = {Combining Generative Models and Fisher Kernels for Object Class Recognition},
	Year = {2005}}

@inproceedings{erik,
	Author = {E. Sudderth and A. Torralba and W. Freeman and A. Willsky},
	Booktitle = {{N}{I}{P}{S}},
	Date-Added = {2013-12-06 17:47:52 +0000},
	Date-Modified = {2013-12-06 17:47:52 +0000},
	Title = {Describing Visual Scenes using Transformed Dirichlet Processes},
	Year = {2005}}

@inproceedings{nips2006,
	Author = {K. Grauman and T. Darrell},
	Booktitle = {{N}{I}{P}{S}},
	Date-Added = {2013-12-06 17:47:52 +0000},
	Date-Modified = {2013-12-06 17:47:52 +0000},
	Title = {Approximate Correspondences in High Dimensions},
	Year = {2006}}

@inproceedings{peekaboom,
	Author = {von Ahn, L. and Liu, R. and Blum, M.},
	Booktitle = {ACM CHI},
	Date-Added = {2013-12-06 17:47:52 +0000},
	Date-Modified = {2013-12-06 17:47:52 +0000},
	Title = {Peekaboom: A Game for Locating Objects in Images},
	Year = {2006}}

@inproceedings{esp,
	Author = {L. von Ahn and L. Dabbish},
	Booktitle = {ACM CHI},
	Date-Added = {2013-12-06 17:47:52 +0000},
	Date-Modified = {2013-12-06 17:47:52 +0000},
	Title = {Labeling Images with a Computer Game},
	Year = {2004}}

@inproceedings{cvpr2006,
	Author = {K. Grauman and T. Darrell},
	Booktitle = {{C}{V}{P}{R}},
	Date-Added = {2013-12-06 17:47:52 +0000},
	Date-Modified = {2013-12-06 17:47:52 +0000},
	Title = {Unsupervised Learning of Categories from Sets of Partially Matching Image Features},
	Year = {2006}}

@techreport{freundtr,
	Author = {Y. Abramson and Y. Freund},
	Date-Added = {2013-12-06 17:47:52 +0000},
	Date-Modified = {2013-12-06 17:47:52 +0000},
	Institution = {UCSD},
	Title = {Active Learning for Visual Object Recognition},
	Year = {2004}}

@inproceedings{sivic-iccv05,
	Author = {J. Sivic and B. Russell and A. Efros and A. Zisserman and W. Freeman},
	Booktitle = {{I}{C}{C}{V}},
	Date-Added = {2013-12-06 17:47:52 +0000},
	Date-Modified = {2013-12-06 17:47:52 +0000},
	Title = {Discovering Object Categories in Image Collections},
	Year = {2005}}

@inproceedings{lana-cvpr06,
	Author = {S. Lazebnik and C. Schmid and J. Ponce},
	Booktitle = {{C}{V}{P}{R}},
	Date-Added = {2013-12-06 17:47:52 +0000},
	Date-Modified = {2013-12-06 17:47:52 +0000},
	Title = {Beyond Bags of Features: Spatial pyramid Matching for Recognizing Natural Scene Categories},
	Year = 2006}

@inproceedings{sivic-iccv03,
	Author = {J. Sivic and A. Zisserman},
	Booktitle = {{I}{C}{C}{V}},
	Date-Added = {2013-12-06 17:47:52 +0000},
	Date-Modified = {2013-12-06 17:47:52 +0000},
	Title = {Video {G}oogle: a Text Retrieval Approach to Object Matching in Videos},
	Year = {2003}}

@inproceedings{caputo,
	Author = {C. Wallraven and B. Caputo and A. Graf},
	Booktitle = {{I}{C}{C}{V}},
	Date-Added = {2013-12-06 17:47:52 +0000},
	Date-Modified = {2013-12-06 17:47:52 +0000},
	Title = {Recognition with Local Features: the Kernel Recipe},
	Year = {2003}}

@inproceedings{kadir,
	Author = {T. Kadir and M. Brady},
	Booktitle = {International Conference Visual Information Engineering},
	Date-Added = {2013-12-06 17:47:52 +0000},
	Date-Modified = {2013-12-06 17:47:52 +0000},
	Title = {Scale Saliency : A Novel Approach to Salient Feature and Scale Selection},
	Year = {2003}}

@inproceedings{forests,
	Author = {F. Moosmann, B. Triggs and F. Jurie},
	Booktitle = {{N}{I}{P}{S}},
	Date-Added = {2013-12-06 17:47:52 +0000},
	Date-Modified = {2013-12-06 17:47:52 +0000},
	Title = {Fast Discriminative Visual Codebooks using Randomized Clustering Forests},
	Year = {2007}}

@inproceedings{geoblur,
	Author = {A. Berg and J. Malik},
	Booktitle = {{C}{V}{P}{R}},
	Date-Added = {2013-12-06 17:47:52 +0000},
	Date-Modified = {2013-12-06 17:47:52 +0000},
	Title = {Geometric Blur for Template Matching},
	Year = {2001}}

@inproceedings{zhang-cvpr06,
	Author = {H. Zhang and A. Berg and M. Maire and J. Malik},
	Booktitle = {{C}{V}{P}{R}},
	Date-Added = {2013-12-06 17:47:52 +0000},
	Date-Modified = {2013-12-06 17:47:52 +0000},
	Title = {S{V}{M}-{K}{N}{N}: Discriminative Nearest Neighbor Classification for Visual Category Recognition},
	Year = {2006}}

@article{harris,
	Author = {K. Mikolajczyk and C. Schmid},
	Date-Added = {2013-12-06 17:47:52 +0000},
	Date-Modified = {2013-12-06 17:47:52 +0000},
	Journal = {{I}{J}{C}{V}},
	Month = {October},
	Number = 60,
	Pages = {63--86},
	Title = {Scale and {A}ffine {I}nvariant {I}nterest {P}oint {D}etectors},
	Volume = 1,
	Year = 2004}

@inproceedings{nister,
	Author = {D. Nister and H. Stewenius},
	Booktitle = {{C}{V}{P}{R}},
	Date-Added = {2013-12-06 17:47:52 +0000},
	Date-Modified = {2013-12-06 17:47:52 +0000},
	Title = {Scalable {R}ecognition with a {V}ocabulary {T}ree},
	Year = {2006}}

@article{lowe,
	Author = {D. Lowe},
	Date-Added = {2013-12-06 17:47:52 +0000},
	Date-Modified = {2013-12-06 17:47:52 +0000},
	Journal = {{I}{J}{C}{V}},
	Number = {2},
	Title = {Distinctive Image Features from Scale-Invariant Keypoints},
	Volume = {60},
	Year = 2004}

@inproceedings{schmid,
	Author = {K. Mikolajczyk and C. Schmid},
	Booktitle = {{I}{C}{C}{V}},
	Date-Added = {2013-12-06 17:47:52 +0000},
	Date-Modified = {2013-12-06 17:47:52 +0000},
	Title = {Indexing {B}ased on {S}cale {I}nvariant {I}nterest {P}oints},
	Year = {2001}}

@inproceedings{fergus03,
	Author = {R. Fergus and P. Perona and A. Zisserman},
	Booktitle = {{C}{V}{P}{R}},
	Date-Added = {2013-12-06 17:47:52 +0000},
	Date-Modified = {2013-12-06 17:47:52 +0000},
	Title = {Object Class Recognition by Unsupervised Scale-Invariant Learning},
	Year = {2003}}

@inproceedings{iccv2005,
	Author = {K. Grauman and T. Darrell},
	Booktitle = {{I}{C}{C}{V}},
	Date-Added = {2013-12-06 17:47:52 +0000},
	Date-Modified = {2013-12-06 17:47:52 +0000},
	Title = {The Pyramid Match Kernel: Discriminative Classification with Sets of Image Features},
	Year = {2005}}

@inproceedings{KD_trees,
	Author = {Shen, Y. and Ng, A. and Seeger, M.},
	Booktitle = {{N}{I}{P}{S}},
	Date-Added = {2013-12-06 17:47:52 +0000},
	Date-Modified = {2013-12-06 17:47:52 +0000},
	Title = {Fast {G}aussian {P}rocess regression using KD-trees},
	Year = {2006}}

@inproceedings{smolaGP,
	Author = {Smola, A. J. and Bartlett, P. L.},
	Booktitle = {{N}{I}{P}{S}},
	Date-Added = {2013-12-06 17:47:52 +0000},
	Date-Modified = {2013-12-06 17:47:52 +0000},
	Title = {Sparse greedy {G}aussian {P}rocess regression},
	Year = {2001}}

@inproceedings{pseudoGP,
	Author = {Snelson, E. and Ghahramani, Z.},
	Booktitle = {{N}{I}{P}{S}},
	Date-Added = {2013-12-06 17:47:52 +0000},
	Date-Modified = {2013-12-06 17:47:52 +0000},
	Title = {Sparse {G}aussian {P}rocesses using pseudo-inputs},
	Year = {2006}}

@inproceedings{lewis94sequential,
	Author = {Lewis, D. D. and Gale, W. A.},
	Booktitle = {International Conference on Research and Development in Information Retrieval},
	Date-Added = {2013-12-06 17:47:52 +0000},
	Date-Modified = {2013-12-06 17:47:52 +0000},
	Title = {A sequential algorithm for training text classifiers},
	Year = {1994}}

@inproceedings{busybody,
	Author = {Horvitz, E. and Apacible, J. and Koch, P.},
	Booktitle = {{C}{S}{C}{W}},
	Date-Added = {2013-12-06 17:47:52 +0000},
	Date-Modified = {2013-12-06 17:47:52 +0000},
	Title = {BusyBody: Creating and Fielding Personalized Models of the Cost of Interruption},
	Year = {2004}}

@inproceedings{varma,
	Author = {M. Varma and D. Ray},
	Booktitle = {{I}{C}{C}{V}},
	Date-Added = {2013-12-06 17:47:52 +0000},
	Date-Modified = {2013-12-06 17:47:52 +0000},
	Title = {Learning the discriminative power-invariance trade-off},
	Year = {2007}}

@inproceedings{frome07,
	Author = {A. Frome and Y. Singer and F. Sha and J. Malik},
	Booktitle = {{I}{C}{C}{V}},
	Date-Added = {2013-12-06 17:47:52 +0000},
	Date-Modified = {2013-12-06 17:47:52 +0000},
	Title = {Learning Globally-Consistent Local Distance Functions for Shape-Based Image Retrieval and Classification},
	Year = {2007}}

@inproceedings{cesa,
	Author = {Cesa-Bianchi, N. and Conconi, A, and Gentile, C.},
	Booktitle = {{C}{O}{L}{T}},
	Date-Added = {2013-12-06 17:47:52 +0000},
	Date-Modified = {2013-12-06 17:47:52 +0000},
	Title = {Learning probabilistic linear-threshold classifiers via selective sampling},
	Year = {2003}}

@article{paek,
	Author = {Horvitz, E. and Paek, T.},
	Date-Added = {2013-12-06 17:47:52 +0000},
	Date-Modified = {2013-12-06 17:47:52 +0000},
	Journal = {Special Issue on Statistical and Probabilistic Methods for User Modeling},
	Title = {Complementary Computing, Journal of User Modeling and User-Adapted Interaction},
	Year = 2007}

@inproceedings{kapoor-iccv07,
	Author = {A. Kapoor and K. Grauman and R. Urtasun and T. Darrell},
	Booktitle = {{I}{C}{C}{V}},
	Date-Added = {2013-12-06 17:47:52 +0000},
	Date-Modified = {2013-12-06 17:47:52 +0000},
	Title = {Active Learning with {G}aussian {P}rocesses for Object Categorization},
	Year = {2007}}

@inproceedings{nowak,
	Author = {E. Nowak and F. Jurie and B. Triggs},
	Booktitle = {{E}{C}{C}{V}},
	Date-Added = {2013-12-06 17:47:52 +0000},
	Date-Modified = {2013-12-06 17:47:52 +0000},
	Title = {Sampling Strategies for Bag-of-Features Image Classification},
	Year = {2006}}

@inproceedings{Kapoor_IJCAI,
	Author = {Kapoor, A. and Horvitz, E. and Basu, S.},
	Booktitle = {{I}{J}{C}{A}{I}},
	Date-Added = {2013-12-06 17:47:52 +0000},
	Date-Modified = {2013-12-06 17:47:52 +0000},
	Title = {Selective Supervision: Guiding Supervised Learning with Decision-Theoretic Active Learning},
	Year = 2007}

@inproceedings{Horvitz_etal99,
	Author = {Horvitz, E. and Jacobs, A. and Hovel, D.},
	Booktitle = {{U}{A}{I}},
	Date-Added = {2013-12-06 17:47:52 +0000},
	Date-Modified = {2013-12-06 17:47:52 +0000},
	Title = {Attention-Sensitive Alerting},
	Year = 1999}

@phdthesis{minka_thesis,
	Author = {Minka, T. P.},
	Date-Added = {2013-12-06 17:47:52 +0000},
	Date-Modified = {2013-12-06 17:47:52 +0000},
	School = {{M}{I}{T}},
	Title = {A Family of Algorithms for Approximate {B}ayesian Inference},
	Year = 2001}

@phdthesis{kapoor_thesis,
	Author = {Kapoor, A.},
	Date-Added = {2013-12-06 17:47:52 +0000},
	Date-Modified = {2013-12-06 17:47:52 +0000},
	School = {{M}{I}{T}},
	Title = {Learning Discriminative Models with Incomplete Data},
	Year = 2006}

@article{svm_regularization,
	Author = {Evgeniou, T. and Pontil, M. and Poggio, T.},
	Date-Added = {2013-12-06 17:47:52 +0000},
	Date-Modified = {2013-12-06 17:47:52 +0000},
	Journal = {Advances in Computational Mathematics},
	Number = 1,
	Title = {Regularization Networks and Support Vector Machines},
	Volume = 13,
	Year = 2000}

@article{seeger_GP,
	Author = {Seeger, M.},
	Date-Added = {2013-12-06 17:47:52 +0000},
	Date-Modified = {2013-12-06 17:47:52 +0000},
	Journal = {International Journal of Neural Systems},
	Number = {2},
	Title = {{G}aussian {P}rocesses for Machine Learning},
	Volume = {14},
	Year = {2004}}

@article{sollich,
	Author = {Sollich, P.},
	Date-Added = {2013-12-06 17:47:52 +0000},
	Date-Modified = {2013-12-06 17:47:52 +0000},
	Journal = {{N}{I}{P}{S}},
	Title = {Probabilistic methods for support vector machines},
	Year = {1999}}

@article{platt,
	Author = {Platt, J. C.},
	Date-Added = {2013-12-06 17:47:52 +0000},
	Date-Modified = {2013-12-06 17:47:52 +0000},
	Journal = {Advances in Large Margin Classifiers},
	Title = {Probabilities for support vector machines},
	Year = {2000}}

@inproceedings{tong,
	Author = {Tong, S. and Koller, D.},
	Booktitle = {{I}{C}{M}{L}},
	Date-Added = {2013-12-06 17:47:52 +0000},
	Date-Modified = {2013-12-06 17:47:52 +0000},
	Title = {Support Vector Machine Active Learning with Applications to Text Classification},
	Year = {2000}}

@inproceedings{chu,
	Author = {Chu, W. and Ghahramani, Z.},
	Booktitle = {Workshop Learning to Rank at NIPS},
	Date-Added = {2013-12-06 17:47:52 +0000},
	Date-Modified = {2013-12-06 17:47:52 +0000},
	Title = {Extensions of {G}aussian {P}rocesses for ranking: semi-supervised and active learning},
	Year = {2005}}

@article{ivm,
	Author = {Lawrence, N. and Seeger, M. and Herbrich, R.},
	Date-Added = {2013-12-06 17:47:52 +0000},
	Date-Modified = {2013-12-06 17:47:52 +0000},
	Journal = {{N}{I}{P}{S}},
	Title = {Fast Sparse {G}aussian {P}rocess Method: Informative Vector Machines},
	Year = {2002}}

@inproceedings{zhu,
	Author = {Zhu, X. and Lafferty, J. and Ghahramani, Z.},
	Booktitle = {Workshop on The Continuum from Labeled to Unlabeled Data in Machine Learning and Data Mining at ICML},
	Date-Added = {2013-12-06 17:47:52 +0000},
	Date-Modified = {2013-12-06 17:47:52 +0000},
	Title = {Combining Active Learning and Semi-Supervised Learning Using {G}aussian Fields and Harmonic Functions},
	Year = {2003}}

@article{cohn,
	Author = {Cohn, D. A. and Ghahramani, Z. and Jordan, M. I.},
	Booktitle = {Journal of Artificial Intelligence Research},
	Date-Added = {2013-12-06 17:47:52 +0000},
	Date-Modified = {2013-12-06 17:47:52 +0000},
	Title = {Active Learning with Statistical Models},
	Volume = {4},
	Year = {1996}}

@article{changIR,
	Author = {Chang, E. Y. and Tong, S. and Goh, K. and Chang, C.},
	Date-Added = {2013-12-06 17:47:52 +0000},
	Date-Modified = {2013-12-06 17:47:52 +0000},
	Journal = {IEEE Transactions on Multimedia},
	Title = {Support Vector Machine Concept-Dependent Active Learning for Image Retrieval},
	Year = {2005}}

@article{mackay,
	Author = {MacKay, D.},
	Date-Added = {2013-12-06 17:47:52 +0000},
	Date-Modified = {2013-12-06 17:47:52 +0000},
	Journal = {Neural Computation},
	Number = {4},
	Title = {Information-Based Objective Functions for Active Data Selection},
	Volume = {4},
	Year = {1992}}

@inproceedings{mccallum,
	Author = {McCallum, A. K. and Nigam, K.},
	Booktitle = {{I}{C}{M}{L}},
	Date-Added = {2013-12-06 17:47:52 +0000},
	Date-Modified = {2013-12-06 17:47:52 +0000},
	Title = {Employing {EM} in pool-based active learning for text classification},
	Year = {1998}}

@inproceedings{muslea,
	Author = {Muslea, I. and Minton, S. and Knoblock, C. A.},
	Booktitle = {{I}{C}{M}{L}},
	Date-Added = {2013-12-06 17:47:52 +0000},
	Date-Modified = {2013-12-06 17:47:52 +0000},
	Title = {Active + Semi-supervised Learning = Robust Multi-View Learning},
	Year = {2002}}

@article{freund,
	Author = {Freund, Y. and Seung, H. S. and Shamir, E. and Tishby, N.},
	Date-Added = {2013-12-06 17:47:52 +0000},
	Date-Modified = {2013-12-06 17:47:52 +0000},
	Journal = {Machine Learning},
	Number = {2-3},
	Title = {Selective Sampling Using the Query by Committee Algorithm},
	Volume = {28},
	Year = {1997}}

@techreport{SSGP,
	Author = {Sindhwani, V. and Chu, W. and Keerthi, S. S.},
	Date-Added = {2013-12-06 17:47:52 +0000},
	Date-Modified = {2013-12-06 17:47:52 +0000},
	Institution = {Yahoo! Research Labs},
	Number = {YRL-2005-60},
	Title = {Semi-supervised {G}aussian Processes},
	Year = {2005}}

@inproceedings{pitch,
	Author = {Droppo, J. and Acero, A.},
	Booktitle = {International Conference on Spoken Language Processing},
	Date-Added = {2013-12-06 17:47:52 +0000},
	Date-Modified = {2013-12-06 17:47:52 +0000},
	Title = {Maximum a Posteriori Pitch Tracking},
	Year = {1998}}

@book{GP_book,
	Author = {Carl Edward Rasmusen and Chris Williams},
	Date-Added = {2013-12-06 17:47:52 +0000},
	Date-Modified = {2013-12-06 17:47:52 +0000},
	Publisher = {{M}{I}{T} Press},
	Title = {{G}aussian {P}rocesses for Machine Learning},
	Year = {2006}}

@inproceedings{Sutton07,
	Author = {Charles Sutton and Andrew McCallum},
	Booktitle = {Proceedings of the International Conference on Machine Learning},
	Date-Added = {2013-12-06 17:47:42 +0000},
	Date-Modified = {2013-12-06 17:47:42 +0000},
	Pages = {376-383},
	Title = {Piecewise Pseudolikelihood for Efficient CRF Training},
	Type = {IR},
	Year = {2007}}

@inproceedings{Tappen08,
	Author = {M F Tappen and K Samuel and C Dean and D Lyle},
	Booktitle = cvpr,
	Date-Added = {2013-12-06 17:47:42 +0000},
	Date-Modified = {2013-12-06 17:47:42 +0000},
	Title = {The Logisitic Random Field: A Convenient Framework for Learning to Label},
	Year = 2008}

@article{Frey07,
	Author = {Brendan J Frey and D Dueck},
	Date-Added = {2013-12-06 17:47:42 +0000},
	Date-Modified = {2013-12-06 17:47:42 +0000},
	Journal = {Science},
	Number = 315,
	Pages = {972--976},
	Title = {Clustering by Passing Messages Between Data Points},
	Year = 2007}

@inproceedings{KumarDRF,
	Author = {Sanjiv Kumar and Martial Hebert},
	Booktitle = {Proceedings of the 2003 IEEE International Conference on Computer Vision (ICCV '03)},
	Date-Added = {2013-12-06 17:47:42 +0000},
	Date-Modified = {2013-12-06 17:47:42 +0000},
	Pages = {1150-1157},
	Title = {Discriminative Random Fields: A Discriminative Framework for Contextual Interaction in Classification},
	Volume = {2},
	Year = {2003}}

@inproceedings{Levin02,
	Author = {Anat Levin and Assaf Zomet and Yair Weiss},
	Booktitle = {In NIPS-15; The 2002 Conference on Advances in Neural Information Processing Systems},
	Date-Added = {2013-12-06 17:47:42 +0000},
	Date-Modified = {2013-12-06 17:47:42 +0000},
	Pages = {1247--1254},
	Publisher = {MIT Press},
	Title = {Learning to perceive transparency from the statistics of natural scenes},
	Year = {2002}}

@inproceedings{Scharstein07,
	Author = {Daniel Scharstein and Chris Pal},
	Booktitle = cvpr,
	Date-Added = {2013-12-06 17:47:42 +0000},
	Date-Modified = {2013-12-06 17:47:42 +0000},
	Title = {Learning Conditional Random Fields for Stereo.},
	Year = {2007}}

@inproceedings{Weinman08,
	Author = {Jerod Weinman and Lam Tran and Chris Pal},
	Booktitle = eccv,
	Date-Added = {2013-12-06 17:47:42 +0000},
	Date-Modified = {2013-12-06 17:47:42 +0000},
	Title = {Efficiently Learning Random Fields for Stereo Vision with Sparse Message Passing},
	Year = 2008}

@inproceedings{Xing03,
	Author = {E. Xing and M. Jordan and S. Russell},
	Booktitle = {Proceedings of the 19th Annual Conference on Uncertainty in AI},
	Date-Added = {2013-12-06 17:47:42 +0000},
	Date-Modified = {2013-12-06 17:47:42 +0000},
	Title = {A generalized mean field algorithm for variational inference in exponential families},
	Url = {citeseer.ist.psu.edu/xing03generalized.html},
	Year = {2003},
	Bdsk-Url-1 = {citeseer.ist.psu.edu/xing03generalized.html}}

@article{Kolm06,
	Author = {Vladimir Kolmogorov},
	Date-Added = {2013-12-06 17:47:42 +0000},
	Date-Modified = {2013-12-06 17:47:42 +0000},
	Journal = {IEEE Transactions on Pattern Analysis and Machine Intelligence (PAMI)},
	Month = {October},
	Number = 10,
	Pages = {1568--1583},
	Title = {Convergent Tree-reweighted Message Passing for Energy Minimization},
	Volume = 28,
	Year = 2006}

@article{Wainwright05,
	Author = {M J Wainwright and T S Jaakkola and A S Willsky},
	Date-Added = {2013-12-06 17:47:42 +0000},
	Date-Modified = {2013-12-06 17:47:42 +0000},
	Journal = {IEEE Transactions on Information Theory},
	Month = {November},
	Number = 11,
	Pages = {3697--3717},
	Title = {MAP estimation via agreement on (hyper)trees: Message-passing and linear-programming approaches},
	Volume = 51,
	Year = 2005}

@article{Besag75,
	Author = {Julian Besag},
	Date-Added = {2013-12-06 17:47:42 +0000},
	Date-Modified = {2013-12-06 17:47:42 +0000},
	Journal = {The Statistician},
	Month = {Sept},
	Number = {3},
	Pages = {179--195},
	Title = {Statistical Analysis of Non-Lattice Data},
	Volume = {24},
	Year = {1975}}

@inproceedings{Pal06,
	Author = {Chris Pal and Charles Sutton and Andrew McCallum},
	Booktitle = {ICASSP '06: Proceedings of the IEEE International Conference on Acoustics, Speech, and Signal Processing},
	Date-Added = {2013-12-06 17:47:42 +0000},
	Date-Modified = {2013-12-06 17:47:42 +0000},
	Title = {Sparse Forward-Backward using Minimum Divergence Beams for Fast Training of Conditional Random Fields},
	Year = {2006}}

@inproceedings{Komodakis07,
	Author = {N Komodakis and N Paragios and G Tziritas},
	Booktitle = iccv,
	Date-Added = {2013-12-06 17:47:42 +0000},
	Date-Modified = {2013-12-06 17:47:42 +0000},
	Title = {MRF Optimization via Dual Decomposition: Message-Passing Revisited},
	Year = 2007}

@inproceedings{Tappen-NIPS03,
	Author = {M. F. Tappen and W. T. Freeman and E. H. Adelson},
	Booktitle = nips,
	Date-Added = {2013-12-06 17:47:42 +0000},
	Date-Modified = {2013-12-06 17:47:42 +0000},
	Pages = {1343-1350},
	Title = {Recovering intrinsic images from a single image},
	Year = {2003}}

@inproceedings{Tappen03,
	Author = {Marshall F Tappen and William T Freeman},
	Booktitle = {Proceedings of the Ninth IEEE International Conference on Computer Vision (ICCV)},
	Date-Added = {2013-12-06 17:47:42 +0000},
	Date-Modified = {2013-12-06 17:47:42 +0000},
	Pages = {900 - 907},
	Title = {Comparison of Graph Cuts with Belief Propagation for Stereo, using Identical MRF Parameters},
	Year = 2003}

@inproceedings{Tappen04,
	Author = {Marshall F Tappen and Bryan C Russell and William T Freeman},
	Booktitle = cvpr,
	Date-Added = {2013-12-06 17:47:42 +0000},
	Date-Modified = {2013-12-06 17:47:42 +0000},
	Pages = {673--680},
	Title = {Efficient Graphical Models for Processing Images},
	Volume = {2},
	Year = 2004}

@article{Tappen05,
	Author = {Marshall F. Tappen and William T. Freeman and Edward H Adelson},
	Date-Added = {2013-12-06 17:47:42 +0000},
	Date-Modified = {2013-12-06 17:47:42 +0000},
	Journal = {IEEE Transactions on Pattern Analysis and Machine Intelligence},
	Month = {September},
	Number = 9,
	Pages = {1459--1472},
	Title = {Recovering Intrinsic Images from a Single Image},
	Volume = 27,
	Year = 2005}

@inproceedings{Tappen06,
	Author = {Marshall F Tappen and Edward H Adelson and William T Freeman.},
	Booktitle = {The Proceedings of the 2006 IEEE Computer Society Conference on Computer Vision and Pattern Recognition (CVPR)},
	Date-Added = {2013-12-06 17:47:42 +0000},
	Date-Modified = {2013-12-06 17:47:42 +0000},
	Pages = {1992--1999},
	Title = {Estimating Intrinsic Component Images using Non-Linear Regression},
	Volume = 2,
	Year = 2006}

@inproceedings{Tappen07,
	Author = {M F Tappen and C Liu and E H Adelson and W T Freeman},
	Booktitle = {The Proceedings of the 2007 IEEE Computer Society Conference on Computer Vision and Pattern Recognition (CVPR)},
	Date-Added = {2013-12-06 17:47:42 +0000},
	Date-Modified = {2013-12-06 17:47:42 +0000},
	Title = {Learning Gaussian Conditional Random Fields for Low-Level Vision},
	Year = 2007}

@inproceedings{Tappen07b,
	Author = {M F Tappen},
	Booktitle = {The Proceedings of the 2007 IEEE Computer Society Conference on Computer Vision and Pattern Recognition (CVPR)},
	Date-Added = {2013-12-06 17:47:42 +0000},
	Date-Modified = {2013-12-06 17:47:42 +0000},
	Title = {Utilizing Variational Optimization to Learn Markov Random Fields},
	Year = 2007}

@inproceedings{grauman05,
	Author = {K. Grauman and T. Darrell},
	Booktitle = {Proceedings fo the International Conference on Computer Vision (ICCV)},
	Date-Added = {2013-12-06 17:47:39 +0000},
	Date-Modified = {2013-12-06 17:47:39 +0000},
	Title = {The Pyramid Match Kernel:Discriminative Classification with Sets of Image Features},
	Year = 2005}

@inproceedings{zhang06,
	Author = {Hao Zhang and Alex Berg and Michael Maire and Jitendra Malik},
	Booktitle = {Proceedings of CVPR-2006},
	Date-Added = {2013-12-06 17:47:39 +0000},
	Date-Modified = {2013-12-06 17:47:39 +0000},
	Title = {SVM-KNN: Discriminative Nearest Neighbor Classification for Visual Category Recognition},
	Year = 2006}

@inproceedings{lana,
	Author = {Svetlana Lazebnik and Cordelia Schmid and Jean Ponce},
	Booktitle = {Proceedings of CVPR-2006},
	Date-Added = {2013-12-06 17:47:39 +0000},
	Date-Modified = {2013-12-06 17:47:39 +0000},
	Title = {Beyond Bags of Features: Spatial Pyramid Matching for Recognizing Natural Scene Categories},
	Year = 2006}

@inproceedings{epsh05,
	Author = {B.Epshtein and S.Ullmam},
	Booktitle = {Proceedings of CVPR-2005},
	Date-Added = {2013-12-06 17:47:39 +0000},
	Date-Modified = {2013-12-06 17:47:39 +0000},
	Title = {Identifying Semantically Equivalent Object Fragments},
	Year = 2005}

@inproceedings{serre,
	Author = {T. Serre and L. Wolf and T. Poggio},
	Booktitle = {Proceedings of 2005 IEEE Computer Society Conference on Computer Vision and Pattern Recognition (CVPR 2005)},
	Date-Added = {2013-12-06 17:47:39 +0000},
	Date-Modified = {2013-12-06 17:47:39 +0000},
	Title = {Object Recognition with Features Inspired by Visual Cortex},
	Year = 2005}

@techreport{seeger01,
	Author = {M. Seeger},
	Date-Added = {2013-12-06 17:47:39 +0000},
	Date-Modified = {2013-12-06 17:47:39 +0000},
	Institution = {Institute for Adaptive and Neural Computation, Univ. of Edinburgh},
	Title = {Learning with labeled and unlabeled data},
	Year = 2001}

@article{nigam01,
	Author = {K. Nigam and A.K. Mccallum and S. Thrun and T. Mitchell},
	Date-Added = {2013-12-06 17:47:39 +0000},
	Date-Modified = {2013-12-06 17:47:39 +0000},
	Journal = {Machine Learning},
	Number = 2,
	Pages = {103{\~n}-134},
	Title = {Text classification from labeled and unlabeled documents using EM},
	Volume = 39,
	Year = 2000}

@inproceedings{baluja98,
	Author = {S. Baluja},
	Booktitle = {In Neural and Information Processing Systems (NIPS)},
	Date-Added = {2013-12-06 17:47:39 +0000},
	Date-Modified = {2013-12-06 17:47:39 +0000},
	Title = {Probabilistic modeling for face orientation discrimination: Learning from labeled and unlabeled data},
	Year = 1998}

@inproceedings{jaakola98,
	Author = {T. Jaakkola and D. Haussler},
	Booktitle = {In Advances in Neural Information Processing Systems 11},
	Date-Added = {2013-12-06 17:47:39 +0000},
	Date-Modified = {2013-12-06 17:47:39 +0000},
	Title = {Exploiting generative models in discriminative classifiers},
	Year = 1998}

@inproceedings{bendavid03,
	Author = {Ben-David, S. and Schuller, R.},
	Booktitle = {Proceedings of COLT},
	Date-Added = {2013-12-06 17:47:39 +0000},
	Date-Modified = {2013-12-06 17:47:39 +0000},
	Title = {Exploiting task relatedness for multiple task learning},
	Year = 2003}

@inproceedings{raina06,
	Author = {Rajat Raina and Andrew Y. Ng and Daphne Koller},
	Booktitle = {Proceedings of the 23rd International Conference on Machine learning},
	Date-Added = {2013-12-06 17:47:39 +0000},
	Date-Modified = {2013-12-06 17:47:39 +0000},
	Location = {Pittsburgh, Pennsylvania},
	Pages = {713--720},
	Title = {Constructing informative priors using transfer learning},
	Year = {2006}}

@article{perona06,
	Author = {Fei-Fei and Pietro Perona and Rob Fergus},
	Date-Added = {2013-12-06 17:47:39 +0000},
	Date-Modified = {2013-12-06 17:47:39 +0000},
	Journal = {Pattern Analysis and Machine Intelligence},
	Number = 4,
	Title = {One-Shot Learning of Object Categories},
	Volume = 28,
	Year = {2006}}

@article{torralba06,
	Author = {A. Torralba and K. P. Murphy and W. T. Freeman},
	Date-Added = {2013-12-06 17:47:39 +0000},
	Date-Modified = {2013-12-06 17:47:39 +0000},
	Journal = {Pattern Analysis and Machine Intelligence},
	Title = {Sharing visual features for multiclass and multiview object detection},
	Volume = {In press},
	Year = 2006}

@article{vapnik,
	Author = {C. Cortes and V. Vapnik},
	Date-Added = {2013-12-06 17:47:39 +0000},
	Date-Modified = {2013-12-06 17:47:39 +0000},
	Journal = {Machine Learning},
	Number = 2,
	Pages = {273--297},
	Title = {Support Vector Networks},
	Volume = {20},
	Year = 2005}

@inproceedings{fergus05,
	Author = {Fergus, R. and Fei-Fei L. and Perona, P. and Zisserman, A.},
	Booktitle = {Proc. of the 10th Inter. Conf. on Computer Vision, ICCV 2005},
	Date-Added = {2013-12-06 17:47:39 +0000},
	Date-Modified = {2013-12-06 17:47:39 +0000},
	Title = {Learning Object Categories from Google's Image Search},
	Year = 2005}

@article{barnard03,
	Author = {K. Barnard and P. Duygulu and D. Forsyth and N. De Freitas},
	Date-Added = {2013-12-06 17:47:39 +0000},
	Date-Modified = {2013-12-06 17:47:39 +0000},
	Journal = {Journal of Machine Learning Research},
	Pages = {1107--1135},
	Title = {Matching words and pictures},
	Volume = 3,
	Year = 2003}

@article{sivic,
	Author = {Sivic, J. and Russell, B. and Efros, A. and Zisserman, A. and Freeman, W.},
	Date-Added = {2013-12-06 17:47:39 +0000},
	Date-Modified = {2013-12-06 17:47:39 +0000},
	Journal = {Proc. Int'l Conf. Computer Vision, Beijing, 2005},
	Title = {Discovering object categories in image collections.},
	Year = 2005}

@inproceedings{miller04,
	Author = {T. Miller and A.C. Berg and J. Edwards and M. Maire and R. White},
	Booktitle = {Proceedings of the IEEE Conf. on Computer Vision and Pattern Recognition (CVPR)},
	Date-Added = {2013-12-06 17:47:39 +0000},
	Date-Modified = {2013-12-06 17:47:39 +0000},
	Title = {Names and Images in the News},
	Year = {2004}}

@inproceedings{bart05,
	Author = {Bart E., Ullman S.},
	Booktitle = {CVPR},
	Date-Added = {2013-12-06 17:47:39 +0000},
	Date-Modified = {2013-12-06 17:47:39 +0000},
	Pages = {672-679},
	Title = {Cross-Generalization: Learning Novel Classes from a Single Example by Feature Replacement.},
	Year = 2005}

@inproceedings{mutch,
	Author = {J. Mutch and D.G. Lowe},
	Booktitle = {Proceedings of CVPR},
	Date-Added = {2013-12-06 17:47:39 +0000},
	Date-Modified = {2013-12-06 17:47:39 +0000},
	Title = {Multiclass Object Recognition with Sparse, Localized Features},
	Year = 2006}

@inproceedings{informedia,
	Author = {CMU},
	Date-Added = {2013-12-06 17:47:39 +0000},
	Date-Modified = {2013-12-06 17:47:39 +0000},
	Title = {http://www.informedia.cs.cmu.edu/}}
